2032 2732
695 210 875 266 Qess*
997 211 1203 267 (76)
1320 207 1502 264 ΜΨ

353 310 545 370 quidem,
573 319 619 350 ut
633 307 676 349 in
694 307 835 349 multis
851 304 1065 348 solitorum
1082 305 1272 348 colorum
1293 301 1472 347 tinffura
1490 304 1739 348 transluceat
1760 306 1861 349 dilu-

355 366 520 415 dffima,
552 365 837 424 candidusque
861 364 978 407 color
1000 364 1138 423 gilvo,
1177 361 1392 418 spadiceo,
1429 378 1558 411 cano,
1596 363 1665 406 vel
1690 366 1862 406 maculis

353 427 509 470 horum
529 424 718 466 colorum
743 423 924 466 exoletis
946 421 1057 481 quasi
1083 419 1262 464 infestus
1287 434 1494 479 appareat.
1553 421 1602 463 In
1622 421 1867 465 universuns

355 497 525 546 quoque
550 482 659 540 Equi
682 482 805 540 plane
826 481 935 539 nigri
963 482 1005 522 in
1037 478 1186 523 Sibiria
1217 480 1344 535 rarius
1366 478 1595 521 nascuntur.
1618 505 1675 509 —-
1729 479 1860 522 Paulo

356 543 474 586 aliter
500 552 688 583 armenta
708 540 869 592 juniora
893 539 938 581 <Sc
963 539 1182 597 Equorum
1206 537 1328 594 puili,
1367 552 1391 579 e
1417 534 1576 579 boreali
1603 537 1779 595 regione
1808 537 1860 579 ad

354 601 523 645 Lenam
550 601 590 641 in
616 598 786 656 pinguia
815 595 1132 640 Kamtschatcae
1155 595 1318 654 pascua,
1357 593 1427 637 ubi
1453 609 1627 652 gramen
1644 594 1698 636 ad
1716 593 1861 652 sesqui-

356 673 538 717 orgyam
557 654 699 715 passim
715 656 915 703 luxuriat,
939 653 1141 703 deduCka,
1172 656 1227 696 ita
1242 652 1355 695 mole
1374 651 1601 710 habituque
1620 651 1741 695 ancia
1759 651 1861 701 sunt,

356 730 402 760 ut
425 731 554 759 nemo
582 730 659 772 pro
687 715 847 755 minuta
878 711 1057 755 Lenensi
1081 712 1197 770 proie
1223 709 1447 769 agnoscere
1470 711 1591 757 velit;
1629 708 1786 763 ibidem
1816 710 1862 752 ὄε

357 790 498 819 annuo
516 771 645 831 spatio
661 772 779 813 citius
798 770 994 813 foecunda
1009 771 1211 820 evadunt,
1243 769 1287 812 <Sc
1313 768 1477 826 prolem
1504 783 1678 810 omnem
1706 782 1861 811 vaccae

358 832 455 876 albo
467 828 743 873 -maculosam
761 828 805 871 (Sc
822 830 1079 885 variegatam
1100 840 1324 885 generant:
1354 827 1510 869 eodem
1529 825 1617 868 fere
1634 826 1787 873 modo,
1817 837 1862 868 ut

357 892 400 934 in
421 890 545 932 Hirta
575 887 721 935 insula,
757 885 998 929 Hebridum
1024 899 1126 931 una,
1158 884 1270 941 Equi
1294 898 1444 928 omnes
1462 884 1599 941 parvi,
1630 881 1727 931 rufi,
1758 883 1861 926 Vac-

357 963 431 991 cae
452 943 689 1004 praesertim
721 945 761 984 in
786 942 924 984 fronte
948 941 1044 984 albo
1073 943 1280 1002 nigroque
1308 941 1558 989 maculatae,
1590 955 1713 983 canes
1738 953 1863 999 atque

356 1005 462 1050 feles
494 1002 657 1060 semper
682 1001 820 1043 naevii
844 998 923 1043 esse
948 1000 1140 1042 dicuntur
1170 1006 1223 1053 ⁷¹).
1289 998 1449 1041 Mirum
1478 998 1726 1056 exemplum
1760 999 1861 1056 quid

352 1064 498 1120 pascua
514 1062 556 1102 in
582 1059 787 1102 mutando
803 1058 1044 1101 animalium
1071 1058 1215 1100 colore
1243 1057 1428 1105 valeant,
1472 1057 1630 1101 RAJUS
1666 1057 1862 1112 (Philoso-

353 1121 490 1178 phical
504 1119 660 1160 Letters
672 1128 708 1172 ρ.
733 1117 938 1173 345seq.)
960 1116 1163 1174 prodidit:
1191 1116 1365 1172 Nempe
1381 1114 1532 1157 collem
1546 1115 1758 1174 quendam
1775 1115 1862 1157 An-

360 1179 470 1238 gliae
495 1176 771 1233 (Haselbedge
790 1177 832 1216 in
855 1177 921 1216 the
939 1175 1043 1216 Peak
1069 1175 1122 1228 of
1137 1174 1407 1228 Derbyshire)
1436 1173 1623 1214 colorem
1641 1186 1862 1215 vaccarum

359 1237 412 1280 ad
431 1235 590 1294 pastum
614 1249 667 1276 eo
694 1229 901 1274 miffarum
930 1230 1059 1290 spatio
1082 1232 1207 1274 trium
1234 1245 1439 1272 annorum
1466 1231 1507 1271 in
1534 1242 1684 1272 canum
1713 1233 1860 1286 (grey)

359 1306 541 1341 mutare,
604 1307 649 1333 ro
668 1303 782 1333 certo
799 1287 1048 1331 adfirmatur.
1066 1315 1123 1320 —
1182 1289 1320 1331 Immo
1347 1286 1433 1329 fera
1458 1302 1627 1346 quoque
1659 1289 1863 1329 Armenta

360 1353 402 1395 in
419 1307 657 1395 borealibus
668 1349 836 1391 Scotiae
848 1349 992 1389 incana
1004 1345 1083 1389 esse
1101 1362 1232 1404 nuper
1250 1344 1514 1388 confirmavit
1542 1346 1720 1399 Amicg'ffi
1736 1345 1861 1387 PEN-

360 1424 513 1453 NANT.
572 1407 643 1450 Sic
674 1408 800 1449 etiam
823 1405 1137 1449 audiopolonis
1157 1402 1373 1463 Ruffisque
1390 1401 1691 1445 australioribus
1724 1403 1766 1444 in
1789 1400 1861 1444 usu

361 1464 441 1510 esse
459 1464 696 1512 artificium,
728 1479 813 1522 quo
829 1463 977 1521 Equos
1007 1462 1203 1519 pallidos,
1244 1460 1476 1518 spadiceos,
1516 1460 1750 1520 baliosqoe,
1790 1461 1863 1519 qui

361 1523 452 1567 sunt
470 1522 668 1566 uniformi
685 1524 848 1569 colore,
874 1519 1069 1578 praebitis
1085 1517 1311 1577 copiosius,
1333 1519 1440 1560 circa
1459 1531 1625 1577 tempus
1649 1534 1734 1578 quo
1755 1519 1860 1575 pilus

362 1599 480 1626 novo
508 1581 658 1623 mutari
701 1577 826 1628 solet,
868 1580 976 1620 inter
1015 1592 1193 1620 avenam
1229 1577 1490 1634 Corylorum
1516 1577 1629 1629 juiis‚
1674 1576 1862 1621 lituratos

363 1641 582 1697 (apflicht)
608 1639 650 1679 in
667 1652 843 1685 annum,
873 1636 924 1678 ad
943 1636 1184 1694 proximam
1202 1633 1351 1677 scilicet
1375 1634 1445 1691 pili
1473 1635 1748 1676 mutationem
1772 1633 1862 1676 rec}-

363 1699 478 1748 dunt.
538 1696 742 1753 idemque
766 1695 832 1736 alii
860 1695 1029 1752 largiter
1056 1693 1152 1735 data
1180 1707 1334 1741 avena,
1371 1690 1643 1752 adspersoque
1661 1691 1861 1749 praesepi-

362 1755 441 1799 bus
459 1755 709 1798 Antimonio
729 1752 943 1810 praestant.
962 1775 1019 1782 -—
1079 1751 1197 1801 Quid
1215 1745 1397 1808 denique
1416 1751 1457 1790 in
1483 1750 1692 1791 mutandis
1714 1750 1860 1791 colori-

362 1814 441 1858 bus
460 1827 657 1872 aquarum
675 1823 800 1868 potus
818 1808 1023 1859 conferat,
1054 1820 1218 1866 praeter
1243 1807 1486 1863 exemplum
1513 1806 1772 1850 patriarchae
1798 1807 1864 1862 Ja-

365 1871 482 1919 cobi,
512 1874 623 1923 cujus
645 1869 844 1928 pastorale
863 1865 1078 1910 artificium
1097 1868 1137 1908 in
1156 1866 1292 1908 Sacris
1318 1864 1461 1907 Bibliis
1482 1863 1769 1921 consignatum
1794 1865 1864 1914 est,

364 1941 557 1973 veterum
577 1943 664 1969 non
681 1925 936 1983 spernendae
953 1926 994 1966 in
1011 1939 1056 1966 re
1072 1924 1263 1981 pecuaria
1284 1921 1597 1966 observationes
1614 1923 1770 1966 docent
1788 1928 1832 1978 ⁰).

1815 2007 1865 2050 In

400 2110 438 2146 n)
464 2109 506 2139 M.
531 2108 641 2138 MART
654 2117 660 2135 ι
672 2117 692 2135 N
721 2106 829 2144 Voyage
845 2113 872 2134 to
888 2105 916 2135 S.
936 2104 1019 2134 Kilda
1034 2104 1143 2141 (Loml.
1163 2109 1234 2139 1698-
1250 2104 1296 2143 8.)
1314 2110 1380 2143 pag.
1397 2112 1448 2141 27.

408 2154 444 2189 ο)
465 2153 496 2180 ln
514 2151 607 2180 littore
625 2149 707 2178 maris
724 2148 872 2186 Erythraei
889 2147 1000 2177 fontem
1017 2147 1087 2181 esse,
1106 2157 1191 2185 quem
1208 2146 1227 2175 si
1243 2157 1308 2176 oves
1323 2147 1462 2180 biberint,
1487 2153 1599 2176 mutent
1618 2145 1755 2175 vellerum
1777 2145 1864 2183 quali·

448 2201 535 2222 tatem
548 2194 575 2221 ἅ
592 2200 672 2221 antea
688 2189 823 2224 candidae
837 2191 967 2221 amittant
977 2211 984 2225 ‚
1006 2189 1085 2230 quod
1098 2188 1206 2220 fuerint
1222 2188 1308 2228 ui'elue
1323 2189 1356 2220 ad
1372 2188 1502 2219 haustum
1514 2209 1521 2222 ‚
1543 2198 1573 2218 ac
1586 2187 1667 2218 fulvo
1683 2186 1865 2228 postmodum

1760 2227 1864 2267 nigres-
