2032 2732
637 251 819 308 Qvo&
939 250 1126 307 (8)
1245 250 1427 308 Qess*

279 354 485 397 internam
502 347 613 392 tensa
632 347 690 391 est
713 346 817 392 fibra
842 345 1088 398 transuersa,
1118 362 1225 406 quae
1249 346 1538 392 eontra-stione
1564 347 1632 392 sua
1650 351 1789 393 extet-⁴

279 426 359 455 nos
378 410 511 468 apices
528 407 694 450 diducit.
757 406 853 448 Alia
868 403 1033 455 fibrina,
1066 409 1148 448 cuti
1169 404 1315 448 dorsali
1330 407 1590 465 implantata,
1619 423 1696 466 pro
1729 423 1790 452 re-

284 466 483 513 trastorio
503 465 687 508 musculo
705 462 900 508 habenda
924 463 993 506 est.
1314 466 1318 469 '

401 526 586 582 Linguae
603 521 818 567 substantia
842 520 1030 572 carnosa,
1069 520 1343 581 homogenea
1367 521 1707 582 deprehenditur.

285 659 477 695 erar-›wnzf
497 654 1719 692 ·2-1›÷i÷4÷m÷-w÷--ss·:w÷v-1-:31-*ss-=÷÷·÷m-÷-‹ss·<r-}n2-=2-›÷:-÷÷‡-÷u--{2›=÷<÷‹-{--1·2-w-—zum-ssff-ss-ssm}ww}
1732 654 1792 689 *ξῆν

690 767 1389 855 LUMBR1CUS

561 905 1537 974 THALASSEMA

289 1081 546 1262 Hanc
569 1126 769 1187 speciem,
800 1142 906 1187 quae
929 1125 1218 1186 praecedentis
1243 1124 1488 1169 structuram
1512 1123 1686 1183 pulchre
1710 1124 1793 1167 illu-

525 1186 641 1235 strat,
667 1188 709 1228 in
726 1184 943 1230 Cornubia
960 1182 1194 1227 observauit
1223 1182 1430 1240 profunde
1454 1184 1561 1225 inter
1585 1183 1709 1225 rimas
1731 1197 1795 1223 ru-

527 1246 642 1302 pium
672 1242 997 1286 submarinarum
1036 1240 1296 1283 habitantem
1325 1241 1401 1283 Cel.
1428 1240 1514 1295 Jos.
1539 1240 1796 1288 GAERTNER,

293 1309 404 1360 cujus
419 1303 596 1364 propriis
611 1299 753 1344 verbis
769 1299 1107 1357 descriptionem,
1137 1299 1572 1357 communicatamque
1594 1313 1690 1340 cum
1710 1297 1796 1355 plu-

293 1365 407 1408 rimis
431 1360 536 1405 infra
562 1357 821 1402 recensendis
849 1358 1039 1405 iconem,
1068 1355 1137 1399 hic
1163 1355 1296 1399 insero
1320 1354 1480 1399 lubens.
1546 1356 1798 1409 Thalqffi’ma

293 1423 481 1477 Neptuni
497 1432 656 1461 nomen
676 1415 775 1459 huic
792 1415 1023 1458 vermiculo
1050 1413 1149 1456 fecit
1165 1413 1452 1457 GAERTNERUS
1471 1413 1630 1460 nostem
1667 1413 1798 1455 Eum-

295 1495 377 1538 que
401 1477 567 1537 generis
598 1474 651 1517 ad
673 1473 789 1534 quod
809 1472 914 1514 mihi
931 1473 1142 1531 pertinere
1158 1469 1266 1515 visus
1284 1470 1342 1514 est
1357 1471 1704 1520 denominationi,
1720 1484 1798 1528 pro

295 1533 582 1596 distinguenda
597 1531 730 1591 specie
741 1563 752 1582 ‚
783 1530 924 1584 adjeci.

695 1649 1403 1705 DESCRIPTIO

427 1744 480 1811 L
493 1741 891 1811 UMBRJCJ
930 1741 990 1805 T
979 1739 1520 1807 HALASSEMA
1529 1738 1590 1804 T
1578 1737 1667 1804 IS.

853 1849 964 1901 Tab.
990 1851 1029 1900 J.
1073 1850 1180 1917 Fig.
1215 1851 1254 1900 ὅ.

300 1934 505 2014 „Corpus
523 1969 653 2006 teres,
680 1955 894 2014 glabrum,
931 1953 1167 2003 mucosum,
1197 1953 1326 1996 altera
1338 1951 1608 1999 extremitate
1626 1949 1799 2001 craffius,

301 2019 429 2061 altera
444 2015 820 2061 subacuminatum‚
851 2012 920 2055 sed
944 2013 985 2054 in
1008 2010 1244 2054 uniuersum
1270 2010 1479 2054 mutabilis
1501 2008 1545 2052 ὄι
1570 2009 1800 2053 inconstan-

302 2078 354 2119 tis
369 2073 548 2132 figurae,
578 2088 674 2115 cum
694 2070 845 2113 animal
860 2085 970 2114 nunc
986 2070 1106 2112 aliam
1125 2068 1180 2111 sui
1198 2082 1358 2126 partem
1382 2084 1459 2126 pro
1483 2066 1614 2110 lubitu
1640 2079 1797 2109 contra·

301 2132 425 2180 here,
451 2131 573 2174 aliam
592 2126 763 2174 vicill'im
790 2129 978 2177 dilatare,
1008 2142 1118 2169 nunc
1141 2139 1275 2170 totum
1308 2141 1459 2185 corpus
1476 2126 1519 2169 in
1541 2122 1704 2169 testum
1724 2138 1798 2167 ex*

302 2189 477 2235 tendere
490 2220 502 2240 ,
531 2203 642 2234 nunc
656 2188 773 2232 vario
787 2186 919 2231 modo
936 2187 1148 2229 incuruare
1170 2184 1308 2228 soleat.

1683 2242 1800 2287 Color
