2032 2732
683 196 850 254 ‘Qss
965 199 1202 251 (16)
1315 199 1505 256 ’ῆι-αφ,

319 305 453 337 catum
468 289 549 332 effe
565 301 678 345 putat
697 303 736 330 et
753 289 801 330 ad
820 287 980 330 dolores
999 288 1255 330 attieulorum
1272 289 1417 343 laudat,
1441 305 1657 347 narratque
1673 307 1749 348 pro
1769 294 1846 335 dia-

319 349 476 409 phoresi
504 360 542 389 et
569 347 618 388 ad
643 346 878 402 pellendum
902 358 1066 400 partum
1091 359 1256 402 quoque
1280 347 1472 389 adhiberi.
1545 349 1657 391 Idem
1683 353 1847 393 caninos

320 408 425 450 ustos
446 405 645 460 sanguinis
664 403 833 459 coagula
853 402 1006 444 diluere
1026 403 1224 458 perhibet.
1286 405 1327 445 ln
1346 405 1489 446 Sibiria
1507 420 1605 448 vero
1632 409 1849 462 praecipue

320 466 407 508 bilis
435 467 555 519 (quae
573 462 747 504 terrestri
763 474 928 516 quoque
949 474 999 502 ex
1017 459 1119 502 Urso
1136 460 1186 502 ad
1200 462 1424 503 medicatos
1442 463 1532 504 usus
1550 463 1784 516 asservatur)
1810 477 1855 506 et-

320 537 391 565 eor
417 523 521 562 inter
546 520 702 561 summa
727 518 946 559 domestica
972 517 1269 563 medicamenta
1286 518 1468 560 habetur.
1528 520 1618 563 Bilis
1637 521 1775 562 siccata
1795 522 1849 562 di-

321 579 523 627 venditur,
553 578 874 632 propinaturque
900 579 941 615 in
968 588 1070 629 aqua
1092 574 1156 615 vel
1179 575 1253 623 alio
1276 576 1488 629 potulento
1506 576 1646 629 soluta,
1674 578 1852 633 <praesen

322 638 394 681 tim
413 635 461 676 ad
481 635 685 689 anginam,
713 647 795 688 quo
818 634 861 673 in
880 630 1027 672 morbo
1045 632 1164 672 etiam
1183 644 1349 674 externe
1364 634 1598 687 inungitur3
1636 634 1783 676 deinde
1801 635 1851 676 ad

321 697 429 737 luem
448 704 686 743 veneream3
716 691 801 731 imo
817 690 858 730 in
877 688 1115 743 graviffimis
1135 689 1289 730 morbis
1309 702 1347 730 et
1363 691 1619 732 moribundis
1636 693 1765 746 aegris
1783 691 1852 732 ob-

321 750 508 804 truditur,
538 747 757 802 feruntque
783 746 948 801 pessime
972 745 1264 786 decumbentes
1288 746 1382 785 inde
1405 747 1532 800 saepe,
1564 745 1729 801 profuso
1749 749 1851 789 exei-

323 821 405 852 tato
425 806 581 854 sudore,
613 802 866 845 convaluiss'e.
926 801 1051 855 Equis
1077 801 1427 850 marcescentibus,
1457 804 1745 859 verminioque
1771 806 1852 846 oris

323 878 363 909 et
380 862 595 906 ventriculi
611 859 801 902 infestatis
822 859 926 899 circa
950 871 1008 908 OS,
1039 870 1134 898 cun]
1153 857 1228 898 sale
1246 858 1416 898 mixtam
1432 859 1625 900 interunt.
1682 861 1772 902 :Cor
1789 860 1852 901 fie-

324 935 459 965 catum
478 919 541 960 vel
560 918 692 958 ustum
708 916 760 957 ad
777 915 963 970 pulveres
982 914 1172 955 servatur.
1228 913 1386 955 Carnes
1412 916 1697 958 comeduntur.
1754 917 1853 958 Rus-

324 980 433 1034 fique
458 978 498 1017 in
516 973 755 1030 Spitzberga
776 972 1049 1022 hybernantes
1077 970 1261 1012 tendines
1288 984 1363 1025 pro
1386 973 1623 1027 torquendis
1649 973 1722 1015 filis
1739 968 1853 1028 egre-

322 1038 410 1092 gios
429 1030 800 1088 deprehenderunt.
832 1051 873 1058 --
930 1029 1090 1069 Verum
1108 1027 1343 1069 nominibus
1361 1029 1469 1082 apud
1488 1029 1686 1072 Barbaros
1699 1043 1738 1072 et
1757 1029 1853 1071 Rus:

323 1094 382 1135 sos
407 1091 563 1142 usitatis,
610 1102 633 1130 a
652 1086 830 1133 ‚terrestri
856 1085 974 1137 Urfo,
1023 1083 1185 1127 nonnifi
1220 1083 1420 1139 adjeffivo
1448 1083 1530 1127 albi
1552 1087 1692 1130 addito
1721 1087 1853 1129 distin-

323 1162 474 1207 guitur.

724 1245 1451 1301 DESCRIPTIO

548 1334 928 1405 *URSI
1020 1331 1592 1406 MARINI.

988 1445 1199 1497 Talai.

327 1519 593 1604 Magnitudo
618 1544 759 1587 adultis
781 1544 899 1600 supra
914 1543 1065 1585 Ursum
1083 1542 1316 1598 vu'lgarem3
1348 1539 1619 1593 etiamjunior
1630 1539 1856 1584 Februario

329 1607 457 1650 occiia
471 1603 583 1653 Ursa,
614 1603 844 1644 terrestrem
858 1600 1064 1654 juniorem
1082 1599 1152 1641 sub
1169 1599 1296 1647 finem
1314 1599 1484 1640 demum
1495 1598 1634 1639 Martii
1652 1612 1728 1653 pro
1746 1612 1855 1641 com-

327 1663 535 1721 paratione
551 1660 728 1701 occisum
746 1658 965 1713 superabat.

444 1720 570 1771 Caput
587 1714 724 1769 majus,
755 1716 891 1756 eranio
909 1714 1167 1763 convexiore‚
1192 1711 1320 1752 rostro
1338 1710 1534 1762 craffiore,
1561 1724 1688 1766 ,quam
1704 1711 1747 1752 in
1763 1710 1857 1752 Ursi

331 1776 518 1820 terrestri.
578 1772 704 1829 Nasizs
720 1785 893 1827 magnus
907 1772 1038 1826 niger,
1067 1769 1172 1810 labio
1196 1768 1315 1823 paulo
1341 1766 1517 1816 brevior,
1549 1779 1767 1818 truncatus,
1797 1767 1854 1808 su·

329 1848 402 1891 pra
417 1833 495 1873 lato
509 1830 676 1885 cingulo
692 1829 929 1880 denudatus,
960 1829 1091 1882 niger,
1121 1823 1284 1867 naribus
1308 1823 1465 1875 lunatis,
1494 1823 1571 1864 late
1587 1823 1760 1873 respiffis,
1791 1837 1856 1865 an-

329 1893 407 1933 tiee
433 1887 706 1943 patentiffimis
720 1884 906 1942 prtoque
928 1885 1039 1926 tenui
1065 1880 1310 1933 distantibuS,
1354 1893 1432 1920 nec
1459 1892 1502 1920 ut
1525 1880 1567 1920 in
1591 1880 1767 1921 terrestri
1793 1894 1857 1921 ru-

331 1941 445 2003 gon'sss
510 1942 640 1993 Sulcus
671 1942 806 1984 nudus
831 1941 879 1982 ab
902 1939 1095 1990 inferiore
1126 1951 1242 1994 parte
1264 1937 1364 1991 septi
1387 1950 1462 1991 per
1487 1936 1642 1977 labium
1663 1936 1856 1991 superum

332 2000 549 2048 deseendit.
1858 2010 1860 2013 ’

448 2054 677 2099 Oris1·i&us
694 2067 778 2095 non
795 2052 845 2094 ad
861 2052 999 2094 oeuios
1016 2051 1140 2106 usque
1156 2049 1332 2091 rescissus
1342 2061 1353 2103 3
1378 2046 1544 2090 maxilla
1557 2047 1730 2103 infhrior
1745 2050 1858 2106 supe-

333 2118 440 2161 riore
456 2113 579 2171 :paulo
596 2111 770 2167 longior,
800 2123 839 2152 at
856 2123 952 2152 eum
970 2106 1351 2165 labiofubaequalis.
1409 2104 1578 2147 Inferius
1592 2104 1734 2149 labium
1752 2121 1857 2149 mar-

1759 2177 1856 2219 gine
