2032 2732
574 246 755 302 '‘hel‘'
874 245 1090 303 (63)
1207 243 1390 303 Qut*

217 343 364 386 firmat.
380 368 438 374 -
494 341 553 385 Et
569 341 648 384 hac
663 340 874 389 maxime,
902 341 1080 400 antiquis
1098 339 1317 385 retffiffime
1342 340 1577 389 observata,
1607 338 1740 398 singu-

217 402 290 444 lari
307 401 485 459 pilorum
502 397 763 458 dispositione
786 400 1015 441 convincor
1032 400 1275 457 Antilopen‚
1313 414 1437 459 quam
1464 400 1737 442 bezoarticam

217 460 318 501 olim
332 474 427 501 cum
447 458 706 500 Eunomo
721 458 893 505 vocavi,
920 472 1030 499 nunc
1055 472 1158 500 vero
1189 472 1247 500 ex
1272 458 1435 515 integra
1456 456 1565 514 pelle
1594 453 1735 498 descri-

215 515 332 566 bam,
361 515 490 574 ipsum
506 510 585 556 esse
603 514 773 569 orygem
793 515 1092 575 Antiquoru1n3
1119 513 1342 573 praesertim
1362 529 1490 575 quum
1509 512 1643 556 hocce
1660 527 1734 554 no-

214 573 338 617 strum
347 572 496 615 animal
506 571 805 629 magnitudine,
815 571 1007 630 adeoque
1022 572 1187 622 robore,
1196 588 1274 615 nec
1283 588 1369 615 non
1380 586 1581 614 cornuum
1600 570 1734 627 longi·

214 629 411 675 tudine&
420 630 610 672 acumine
621 629 673 671 ad
682 627 814 671 hastas
822 628 961 678 habili,
973 628 1139 688 Orygis
1152 629 1272 672 famae
1282 628 1732 688 apprimerespondeat.

328 687 398 731 Est
414 699 554 730 autem
572 687 683 744 apud
701 687 972 745 Antiquiores
998 688 1217 745 Zoologos
1238 688 1345 729 circa
1364 687 1566 745 Orygem
1590 684 1734 729 dissen-

210 745 269 788 fio
286 744 398 788 haud
415 746 593 804 exigua,
623 759 716 804 quae
744 744 847 787 mihi
871 746 1022 804 partim
1047 746 1237 788 varietati
1264 744 1447 793 cuidam,
1477 744 1628 802 partim
1648 739 1734 787 affi-

209 802 331 847 nibus
347 802 560 862 speciebus
578 802 843 861 (Leucorygi
865 816 988 862 atque
1006 803 1211 854 Gazellae)
1234 801 1452 846 tribuenda
1473 802 1647 844 videtur.

325 864 681 905 Amsrowtsss
727 861 891 903 duobus
937 862 1039 903 locis
1070 871 1196 945 (quos
1217 860 1334 919 supra
1360 860 1501 912 citavi)
1529 860 1731 916 Orygem

207 920 452 962 unicornem
468 917 586 966 facit,
615 933 673 961 ex
690 933 827 977 eoque
846 934 941 961 com
975 919 1075 960 ilans
1092 920 1109 961 l
1134 934 1305 961 Limus
1324 919 1435 973 (Lib.
1450 917 1524 959 XI.
1541 927 1621 972 cap.
1639 916 1731 970 46),

208 979 279 1037 qui
297 989 437 1019 tamen
456 976 630 1018 meliora
648 988 812 1034 poterat
835 975 944 1019 edod
966 992 1012 1018 us
1036 974 1138 1025 esse,
1169 978 1415 1018 unicornem
1438 975 1584 1017 itidem
1605 973 1649 1016 ὄε
1670 972 1729 1016 bi-

206 1035 360 1079 sulcum
377 1034 569 1091 Orygem
584 1035 744 1091 repetit.
806 1034 947 1076 Potuit
961 1035 1157 1083 omnino,
1184 1047 1228 1076 ut
1242 1035 1284 1076 in
1303 1034 1441 1092 Sa‘igae
1452 1030 1729 1081 historiaefixi,

205 1094 384 1136 varietas
401 1092 562 1149 Orygis
578 1094 702 1133 unico
724 1106 852 1133 cornu
869 1093 1089 1150 aliquando
1107 1091 1322 1135 observata
1340 1089 1474 1139 fuisse,
1501 1103 1593 1150 quae
1617 1088 1727 1131 forte

202 1149 285 1193 sola
309 1148 580 1192 Monoeci-oti
601 1150 861 1207 antiquorum
889 1150 1046 1191 natales
1070 1149 1204 1198 dedit,
1255 1151 1320 1191 cui
1341 1149 1438 1192 dein
1461 1149 1564 1191 varii
1585 1147 1726 1190 varios

202 1217 404 1250 centones
420 1203 705 1255 adfinxerunt,
737 1221 827 1247 cuin
846 1206 1130 1248 Rhinocerote
1147 1206 1214 1249 seu
1237 1206 1359 1248 Asino
1377 1206 1523 1248 Indico
1548 1216 1724 1247 cornuto

201 1264 385 1309 eundem
411 1262 729 1306 confundentes.
799 1263 929 1307 Certe
957 1263 1094 1306 tabula
1117 1265 1303 1324 antiqua,
1343 1279 1469 1322 quam
1494 1262 1550 1305 ab<
1573 1263 1723 1304 Huetio

201 1322 553 1365 communicatam
570 1321 888 1363 BocHARTUs
913 1323 1145 1377 (hierozoic.
1162 1323 1240 1364 Lib.
1266 1322 1338 1363 III.
1355 1332 1435 1377 cap.
1459 1335 1524 1371 27.
1544 1331 1584 1375 p.
1603 1335 1627 1372 9
1630 1319 1721 1373 57.)

201 1378 415 1439 proposuit
430 1377 474 1420 ἀ
492 1379 535 1420 in
555 1378 668 1420 ltalia
688 1391 893 1435 repertam
920 1380 1071 1428 credit,
1103 1378 1471 1428 Monocerotibus‚
1504 1389 1653 1436 praeter
1675 1375 1722 1418 si-

200 1451 290 1481 tum
311 1437 444 1495 magis
458 1432 646 1478 erectum
663 1436 706 1478 d:
729 1437 933 1479 unitatem
955 1452 1175 1486 cornuum,
1207 1449 1438 1495 praeterque
1466 1436 1653 1479 additum
1678 1434 1722 1475 in

198 1510 286 1538 uno
302 1508 520 1541 aruncum,
554 1494 630 1536 vix
652 1494 880 1554 quidquam
906 1493 1065 1544 tribuit,
1103 1495 1219 1554 quod
1243 1496 1293 1538 ab
1317 1494 1447 1537 Antil.
1471 1494 1623 1551 Uryge
1650 1490 1720 1535 vel

199 1554 451 1610 Leucoryge
477 1549 710 1594 abhorreat.
977 1584 992 1604 „

313 1608 600 1657 OPPIANUS‚
666 1609 738 1669 qui
776 1610 966 1652 omnium
1006 1611 1270 1671 antiquorum
1318 1607 1628 1653 accuratiffimas
1671 1606 1717 1649 ἃ

197 1667 303 1725 saepe
331 1664 550 1724 graphicas
574 1666 811 1709 animalium
835 1666 1129 1725 descriptiones
1153 1669 1336 1727 reliquit,
1374 1668 1527 1726 quique
1550 1666 1717 1725 prolixe

197 1726 427 1768 admodum
446 1723 499 1765 de
515 1722 671 1782 Oryge
687 1725 835 1767 cecinit
852 1731 919 1778 Ζ),
952 1725 1134 1768 eundem
1160 1725 1298 1769 lacteo
1323 1725 1482 1774 colore,
1512 1725 1717 1782 nigrican-

194 1782 304 1827 tibus
320 1783 440 1841 genis
462 1780 577 1833 facit,
608 1781 723 1842 quod
745 1783 791 1824 in
815 1781 1051 1841 Antilopen
1073 1783 1178 1826 mila-i
1203 1798 1285 1842 pro
1307 1798 1445 1842 oryge
1469 1781 1717 1840 descriptam

858 1869 865 1874 »
1577 1850 1720 1883 minus

237 1921 270 1961 a)
296 1923 341 1953 Do
352 1923 496 1954 venatione
509 1921 571 1952 Lib.
587 1923 624 1952 H.
642 1921 717 1962 vers?
727 1930 800 1961 445.
815 1921 873 1962 (ξφ
888 1922 1043 1953 secundum
1063 1923 1218 1955 verfionern
1233 1924 1427 1956 Rittershufiiz

391 1963 437 2003 Est
448 1971 531 2004 porro
544 1965 696 2004 quaedam.
712 1965 833 2005 fhltibur
843 1965 1004 2003 familiaris
1015 1987 1022 1999 ‚
1046 1974 1129 1996 acuto
1146 1976 1230 1997 cornu
1243 1966 1315 2006 sira

393 2006 494 2036 Saevus
513 2008 599 2045 Oryx
610 2028 617 2039 ,
637 2006 787 2035 horrendus
801 2007 875 2045 feris
890 2007 937 2036 vel
948 2008 1076 2036 maxime.

391 2046 485 2083 Hujus
500 2057 563 2076 vero
578 2049 656 2077 color
669 2049 778 2087 quidem
790 2055 925 2088 tanquam
940 2050 1017 2078 verni
1030 2050 1125 2085 laffis,

391 2087 461 2117 Solis
478 2089 552 2117 circa
559 2088 667 2126 faciem
682 2090 888 2128 nigricantibus
907 2091 996 2129 genis.

393 2129 509 2158 Gemina
525 2139 589 2158 vero
602 2137 669 2167 pone
681 2131 765 2170 dorsa
785 2131 890 2171 (fiunt)
904 2132 1022 2171 pinguia
1044 2133 1133 2172 adipe,

391 2171 497 2200 Acutae
513 2177 605 2199 nutem
620 2181 752 2200 cornuum
766 2173 900 2212 fidvlinus
916 2172 1040 2213 fitrgunt

392 2211 540 2252 cuspides,
557 2211 690 2253 sanare,
706 2213 942 2256 „ngspecim
955 2215 1097 2247 Mum*-
1109 2222 1159 2247 “²²
1629 2254 1708 2287 neza
