2032 2732
602 205 781 264 Μ
901 206 1110 262 (59)
1228 200 1408 265 Qeffl‘

253 304 385 347 canini
401 304 565 363 generis
578 305 698 355 fhrae
708 303 850 357 species
861 332 871 348 ,
903 316 1028 360 quam
1053 301 1220 345 Canum
1236 318 1319 346 una
1334 304 1511 347 varietas
1526 305 1647 349 alteri.
1666 306 1750 351 Eo-

251 363 352 404 dem
371 362 456 404 fato
481 363 522 402 in
544 360 694 401 multas
720 358 876 400 formas
902 361 1124 416 depravata
1147 362 1302 403 Arietis
1326 361 1402 404 feri
1418 362 1640 406 domestica
1655 380 1750 422 pro-

253 421 407 477 genies
432 415 731 460 recentioribus
753 431 921 474 quoque
949 416 1214 475 Zoographis
1238 419 1639 477 muitipiicandarum
1663 422 1748 481 spe-

249 478 404 518 cierum
423 474 559 517 ansam
581 474 707 516 dedit.
770 474 874 514 Non
894 473 1025 516 solum
1043 477 1158 517 enim
1183 475 1454 534 spontaneum
1489 479 1661 528 animal,
1689 483 1750 525 uti

249 532 365 591 supra
394 532 588 589 exposui,
633 547 710 589 pro
742 528 930 573 distinsta
962 530 1096 589 specie
1127 534 1235 575 inter
1274 535 1432 591 Capras
1458 549 1481 577 a
1520 536 1746 590 L1NNn‘o‚

247 590 622 636 Biussomoouss
647 587 892 646 recensitum
909 588 1008 637 suit,
1036 589 1163 631 sedin
1183 591 1417 634 domesticis
1445 608 1613 653 qusque
1638 594 1745 639 Ovi-

245 646 598 690 bus'recensendis
619 661 644 688 e
660 645 794 704 specie
819 662 953 704 genus
974 645 1021 688 ὄε
1044 661 1068 688 e
1092 646 1357 690 varietatibus
1388 648 1542 705 species
1559 651 1747 698 fecerunt

249 705 391 753 iidem,
408 706 680 764 certatimque
700 704 972 746 distinxerunt
988 703 1136 747 Ovem
1153 704 1416 754 laticaudam,
1436 707 1742 766 longicaudam,

242 761 413 818 pilosam
430 761 692 809 Africanam,
723 760 1030 809 Guineensem,
1068 761 1431 819 Strepsicerotem,
1470 769 1743 822 quemadmo-

241 819 342 862 dum
367 821 492 861 etiarn
515 819 698 877 Capram
717 817 916 877 syriacam
935 819 1001 861 ieu
1017 818 1323 869 Mambrinam,
1352 822 1534 880 aliasque
1561 824 1742 883 vulgaris

241 876 365 919 Hirci
403 876 655 919 deformatas
698 877 836 933 proles
867 875 918 919 ab
950 876 1103 918 eodem
1137 875 1322 934 separare
1352 877 1481 920 visum
1520 879 1661 924 fuerat.
1685 908 1742 915 —

239 934 386 982 Haec,
425 946 468 976 ut
493 936 535 975 in
561 934 743 976 Historia
771 933 893 977 ibicis
918 933 1104 981 laudavi,
1134 933 1250 976 recte
1271 937 1514 979 emendavit
1532 939 1587 979 Ill.
1622 940 1741 982 Bur-

239 1006 442 1040 FONIUS,
474 1007 611 1051 neque
628 990 710 1049 ipse
733 1006 917 1050 unquam
942 989 1130 1033 dubitavi
1158 992 1386 1035 Varietates
1418 993 1528 1045 istas,
1561 1010 1739 1055 quarum

236 1050 454 1108 plerasque
473 1050 649 1107 propriis
664 1049 794 1090 oculis
818 1047 1016 1106 inspicere
1034 1047 1193 1090 occafio
1220 1049 1313 1098 fuit,
1346 1048 1398 1093 ab
1431 1066 1516 1093 uno
1541 1052 1739 1112 sanguine

236 1119 375 1148 ortum
395 1103 566 1148 duxisse.
614 1107 659 1148 Si
678 1119 818 1147 tamen
835 1102 1162 1149 evidentissimae
1179 1105 1320 1149 causae
1339 1109 1461 1150 novis
1480 1114 1736 1168 argumentis

234 1178 341 1220 opus
365 1163 440 1210 est,
478 1178 527 1204 ea
554 1164 725 1223 quidem
750 1177 903 1220 greges
928 1162 1268 1219 suppeditabunt,
1305 1179 1408 1224 quas
1437 1165 1555 1209 Asiae
1576 1171 1734 1213 Noma-

233 1220 308 1263 des
334 1217 560 1263 feliciffime
585 1221 747 1268 colunt,
781 1219 825 1261 dc
851 1221 958 1262 circa
985 1234 1088 1280 quas
1116 1219 1332 1264 observata
1358 1223 1563 1281 quaedam
1579 1226 1735 1271 addere

233 1279 394 1320 animus
413 1277 480 1319 est.
1026 1296 1029 1299 ·

346 1336 610 1391 ,Qgtitdmsplex
624 1333 874 1392 potiffimurn
893 1350 969 1392 per
990 1333 1269 1378 borealiorem
1293 1335 1434 1379 Asiam
1467 1339 1655 1383 Varietas
1678 1343 1734 1385 la-

226 1394 398 1450 nigerae
421 1393 591 1450 pecudis
611 1394 798 1435 occurrit.
861 1394 999 1434 Prima
1013 1393 1264 1451 Europaeis,
1295 1396 1483 1438 maxime
1504 1395 1726 1455 Hispaniae

231 1462 356 1506 atque
384 1451 566 1507 Angliae
597 1449 797 1508 gregibus
832 1449 968 1492 forma
999 1449 1139 1492 fimilis
1168 1450 1242 1499 est,
1284 1467 1441 1511 perque
1473 1454 1730 1500 australiores

229 1506 351 1565 ipsius
376 1508 536 1549 Rulliae
561 1510 756 1565 regiones
784 1507 978 1566 frequens
1010 1508 1176 1556 colitur,
1226 1510 1525 1565 YJi‘herkefficae
1554 1515 1730 1559 nomine

227 1566 358 1623 vuigo
377 1577 495 1613 nota3
521 1566 665 1616 Algera
680 1580 854 1607 omnem
874 1563 1051 1607 Ruffiam
1071 1564 1283 1607 borealem
1299 1582 1401 1609 occu
1434 1570 1531 1617 avit,
1554 1571 1724 1615 islandi-

226 1623 304 1670 cis,
336 1623 583 1682 reliquisque
599 1623 978 1680 septentrionalium
996 1635 1196 1664 terrarum
1213 1622 1366 1666 ovibus
1423 1638 1556 1674 atura,
1588 1627 1723 1673 brevi-

223 1691 309 1722 tate
325 1681 499 1728 caudae,
527 1679 700 1740 rudique
715 1680 806 1721 lana
819 1678 1120 1737 comparabili&
1132 1682 1298 1738 proprie
1314 1681 1470 1734 Ruffica
1479 1682 1607 1732 dicim
1624 1688 1720 1730 Ter-

225 1741 306 1785 tia,
335 1738 622 1795 magnitudine
644 1737 761 1795 saepe
786 1735 945 1779 cunctis
972 1739 1014 1778 in
1040 1734 1142 1780 orioe
1168 1751 1370 1781 terrarum
1387 1740 1504 1784 cultis
1520 1744 1723 1799 praestan-

224 1796 322 1842 tior,
349 1795 458 1852 apud
478 1794 697 1852 pastorales
716 1795 894 1853 populos
910 1796 1037 1836 totius
1059 1794 1182 1837 Asiae
1204 1808 1479 1854 temperatae,
1512 1798 1564 1843 ab
1592 1801 1723 1844 Euro-

221 1867 299 1910 pae
319 1849 467 1894 finibus
482 1852 607 1911 usque
622 1852 674 1894 ad
689 1853 809 1895 Sinas
827 1851 1008 1894 abundat
1023 1851 1068 1894 &r
1094 1850 1317 1895 secundum
1341 1867 1489 1912 gentes
1516 1858 1629 1900 varie
1654 1874 1721 1917 ap-

221 1909 496 1967 pellarisoiet,
524 1911 788 1968 pinguedinis
819 1925 976 1967 magno
1006 1909 1198 1967 glomere
1216 1911 1311 1953 loco
1333 1913 1490 1955 caudae
1513 1914 1718 1960 instrusta.

221 1967 426 2024 Quartam
452 1968 627 2023 cultura,
657 1968 796 2016 elima,
825 1967 869 2010 ἃ
892 1968 1096 2025 priorum,
1114 1969 1157 2010 ni
1179 1967 1320 2017 fallor,
1357 1971 1493 2013 mixta
1510 1975 1717 2017 connubia

219 2024 330 2081 apud
352 2023 563 2066 Bucharos
580 2022 703 2084 atque
729 2024 868 2068 Persas
884 2040 1160 2083 progenuere.
1219 2026 1291 2069 De
1315 2024 1503 2086 singulis,
1541 2030 1717 2087 praeser-

221 2083 296 2124 tim
318 2096 419 2124 vero
433 2081 486 2123 de
504 2084 623 2124 tertia
636 2085 835 2125 varietate
852 2098 994 2141 agam,
1023 2083 1067 2125 ὄε
1090 2081 1302 2126 brevitatis
1328 2085 1442 2128 causa
1469 2085 1623 2145 ubique
1639 2090 1716 2146 pri-

220 2154 334 2183 mam
357 2140 623 2189 abumarum,
660 2141 729 2185 vel
750 2141 1065 2244 longicaucligm,
1109 2141 1281 2186 alteram
1313 2143 1597 2201 brczchyurmn,
1638 2158 1714 2188 ter-

438 2215 445 2218 *
1029 2214 1052 2244 2
1613 2213 1713 2247 tlam
