2032 2732
535 249 717 307 W
836 247 1048 299 (25)
1165 245 1347 303 Μαάθ

189 353 370 400 foratae,
397 364 445 392 ac
464 361 543 406 pro
568 345 700 388 lubitu
730 341 919 385 animalis
943 339 1173 386 retraffilis.
1235 342 1358 384 Color.
1374 342 1551 401 papillae
1574 351 1691 384 exte-

188 413 272 454 rius
289 410 421 457 idem,
449 405 519 463 qui
538 403 699 462 reliquo
721 399 910 459 corpori,
938 400 1111 443 interior
1135 415 1239 445 vero
1263 397 1495 458 superficies
1526 398 1694 458 elegan-

188 466 335 512 tiffime
359 464 554 507 coccinea
573 461 642 505 est.
652 469 676 486 ‘⁶
987 488 992 491 a

201 540 1683 576 vwvvvvvwwvvvwwvwvvvvvwwvwwvwwvvwwv*

721 594 1214 682 ASCIDIA

602 704 753 771 CL
795 704 862 768 A
912 703 1079 768 UA
1129 703 1289 768 TA.

375 897 436 924 ox
468 881 592 923 citata
627 879 975 936 Misi-ellaneormn
1003 879 1312 935 Zoologicorum
1335 880 1490 938 pagina
1524 880 1567 922 in
1597 892 1699 923 nota

430 953 601 998 quoque
618 938 763 979 monui
781 937 834 979 ad
862 939 1042 991 fls'cz'cz'ias
1063 937 1135 979 vel
1158 938 1353 990 Dzstomos
1370 938 1589 981 euidenter
1606 954 1697 996 per-

431 998 562 1038 tinere
578 993 821 1038 rarilllmum
844 995 1078 1051 [Wollztfiwn
1097 1009 1121 1036 a
1137 995 1343 1048 Rvssamo
1367 995 1408 1037 in
1427 997 1544 1038 Afflis
1564 997 1698 1052 angli-

189 1057 242 1097 cis
260 1053 331 1097 sub
350 1056 491 1110 Priapi
500 1055 761 1109 petiunculam
780 1053 918 1101 titulo,
938 1052 983 1095 ὅι
998 1051 1051 1095 ab
1068 1052 1301 1095 EnwARsro
1321 1053 1475 1097 deinde
1489 1054 1531 1096 in
1548 1054 1698 1097 ultimo

191 1113 551 1168 Ornithogmphici
569 1113 698 1166 operis
714 1111 932 1153 volumine
948 1111 1213 1154 delineatum.
1253 1111 1372 1162 Quid
1386 1111 1625 1154 LINNAEUM
1637 1113 1698 1155 in-

187 1169 377 1216 duxerit,
405 1181 451 1209 ut
473 1169 587 1210 idem
605 1170 647 1209 in
669 1169 761 1220 Syst.
788 1171 846 1210 ecl.
876 1169 971 1209 XII.
1000 1179 1040 1219 p.
1072 1185 1193 1220 1319.
1217 1169 1325 1212 inter
1352 1169 1598 1212 vorticellas
1628 1169 1699 1213 seu

188 1225 466 1273 Brachionos‚
489 1225 700 1266 minutum
728 1223 773 1265 &
795 1220 1083 1265 alieniffimum
1106 1237 1263 1281 genus,
1291 1225 1537 1274 collocaret,
1557 1228 1699 1270 mela-

187 1297 276 1326 tere
297 1283 450 1325 fateor:
469 1280 539 1324 nis,-
560 1280 668 1323 forte
685 1295 886 1341 perquam
898 1280 1010 1322 rudis
1029 1278 1190 1324 formae
1203 1293 1406 1325 externae
1427 1285 1699 1341 comparatio,

221 1357 296 1384 uae
314 1341 454 1383 fallere
479 1342 659 1382 Tantum
678 1341 815 1380 virum
831 1354 919 1380 non
937 1335 1150 1383 debuiffet.
1209 1338 1469 1399 Descriptio,
1487 1356 1614 1402 quam
1631 1340 1700 1385 hic

188 1357 300 1443 gabo
320 1401 503 1451 Asc-idlae
520 1399 723 1445 clamatae,
746 1397 854 1439 inter
876 1396 1015 1438 Fucos
1038 1394 1208 1440 ficcatos
1231 1397 1563 1442 Kamtl'chaticos
1586 1415 1699 1444 ame

190 1459 387 1500 inventae
402 1456 448 1499 ἀ
466 1456 747 1498 maceratione
766 1454 992 1505 restitutae,
1015 1453 1190 1498 dubium
1209 1455 1263 1498 de
1279 1458 1431 1513 Ascidii
1450 1459 1603 1500 clamati
1625 1473 1698 1517 ge-

191 1529 291 1557 nere
319 1529 449 1557 omne
475 1514 630 1570 poterit
652 1514 856 1555 eximere.
916 1512 1171 1557 Intermedia
1196 1515 1308 1557 enirn
1334 1514 1448 1575 quali
1470 1515 1528 1559 est
1543 1514 1700 1574 specles

192 1574 299 1614 inter
322 1570 430 1614 hanc
452 1570 497 1614 dc
520 1569 685 1614 Ascidia
713 1571 879 1630 reliqua.

668 1653 1222 1706 DESCRIPTIO

389 1727 883 1803 ASCIDIAE
946 1728 1141 1795 CLA
1157 1729 1291 1796 UA
1309 1730 1507 1798 TAE.

750 1830 863 1881 Tab.
888 1831 929 1880 J.
966 1830 1072 1899 Fig.
1091 1834 1148 1880 ια.

201 1898 378 1978 Corpus
408 1922 665 1969 coriaceum‚
714 1921 1071 1980 longitudinaliter
1116 1920 1439 1982 rugofiffimum,
1484 1924 1703 1970 fufiformi-

196 1978 485 2023 subclauatum.
543 1981 793 2023 Pedum-alus
818 1978 965 2024 senfirn
988 1980 1258 2032 adtenuatus,
1286 1997 1486 2027 extremo
1512 1984 1703 2047 scruposo

199 2038 366 2081 marinis
384 2039 505 2080 variis
524 2036 688 2080 infixus.

317 2095 465 2150 Corpus
481 2095 736 2154 oblongum,
761 2094 974 2146 obtusum,
1004 2097 1144 2153 osculis
1165 2097 1452 2142 terminalibus
1478 2102 1536 2157 (a.
1553 2103 1611 2157 b.)
1631 2116 1703 2160 ge-

200 2153 336 2200 minis,
350 2152 623 2210 pupillaribus,
639 2169 747 2213 quae
762 2154 1000 2197 ambiuntur
1018 2156 1131 2214 rugis
1146 2155 1306 2214 aliquot
1316 2157 1590 2209 circularibus,
1605 2174 1704 2218 qua-

202 2227 293 2254 rum
311 2212 437 2255 etiam
456 2208 665 2256 obsoletae
683 2212 889 2270 quaedam
911 2214 955 2256 in
976 2228 1153 2271 corpore
1172 2226 1386 2272 apparent.

879 2334 883 2336 .
952 2271 1000 2315 D
1593 2274 1708 2319 Color
