2032 2732
586 248 766 311 Qvo&
884 251 1088 308 (41)
1206 252 1384 310 ’Qrss

231 349 487 408 Zoologiae‚
518 350 759 406 antiquitate
779 346 971 404 dignam,
1002 349 1044 390 in
1062 347 1265 392 hodierna
1284 349 1375 391 luce
1397 348 1542 409 utique
1565 349 1728 407 postpo-

230 408 414 451 nendam
434 405 654 460 judiciosae
678 405 969 452 mediocritati,
1041 405 1150 448 Pace
1170 407 1453 459 accuratlffimz'
1485 408 1727 450 D'Aussm-

231 481 259 507 T
271 481 358 507 om
388 466 507 507 liceat
521 478 692 523 quoque
710 476 885 504 monere
897 463 1174 521 Rupicapram
1191 480 1276 506 non
1288 480 1384 506 cum
1399 464 1534 506 Hirco
1551 464 1596 507 &
1609 465 1727 508 Arie-

229 535 272 564 te
293 534 472 569 tantum,
502 519 571 563 sed
589 522 778 562 maxime
796 535 892 561 cum
913 520 1176 579 Antilopibus
1194 523 1424 579 comparari
1442 520 1635 571 debuisse,
1661 523 1729 566 ad-

228 583 465 639 tentiusque
506 577 826 620 confiderandos
866 575 980 620 fuiffe
1012 592 1215 622 externae
1251 578 1413 622 formae
1449 579 1725 625 charatteres,

220 639 340 687 ,Tum
364 649 476 679 certe
500 634 743 694 apparuisset
769 636 1028 678 Celeberrimo
1063 637 1159 678 Viro
1188 637 1301 678 illam
1323 636 1430 679 hisce
1448 638 1727 687 Animalibus,

226 693 362 736 forma
382 707 494 736 certe
513 707 637 752 atque
655 692 996 751 proportionibus
1013 695 1209 755 notisque
1231 695 1440 743 externis,
1470 695 1600 754 longe
1623 695 1728 740 simi-

226 751 375 796 liorem
393 749 493 800 esse,
519 766 644 811 quam
663 753 806 809 Capro
833 750 900 793 vel
920 750 1031 793 ibici.

341 810 484 866 Atque
500 824 559 851 ex
587 809 652 852 his
672 814 756 862 J'am
781 808 872 851 satis
897 821 1090 867 apparet,
1127 823 1255 868 quam
1284 822 1418 866 paene
1442 809 1556 851 nullo
1580 808 1723 852 funda-

223 878 369 908 mento
401 868 681 910 Bur-pomus
722 868 776 922 (l.
795 882 824 908 c.
835 877 875 921 p.
901 869 1026 921 203.)
1058 867 1324 908 concluserit:
1359 867 1630 922 Rupicapmm
1657 868 1727 923 effi

222 927 467 966 varietatem
484 925 657 980 inspecie
683 927 867 978 caprina.
899 938 988 965 cum
1010 938 1090 979 qua
1107 925 1267 971 debeat,
1295 927 1457 977 pariter
1478 936 1600 980 atque
1618 926 1727 974 Ibex‚

220 987 326 1023 coitu
328 981 530 1036 foecundo
547 983 708 1036 mtfierz'.
741 980 874 1032 Quod
915 981 1057 1035 uidem
1075 980 1274 1038 posterius
1294 981 1389 1023 licet
1404 979 1492 1024 fieri
1508 980 1621 1039 posse
1640 998 1729 1026 non

221 1040 466 1096 negaverim
480 1071 490 1087 ,
521 1040 675 1098 quippe
698 1040 862 1097 nuptias
879 996 1086 1081 diffinium
1103 1038 1344 1080 animalium
1369 1039 1520 1083 multas
1543 1038 1721 1083 successu

220 1111 306 1137 non
325 1098 518 1138 carituras
534 1094 762 1153 persuasus,
795 1094 822 1136 fi
840 1094 886 1137 sit
902 1094 1062 1138 occasio
1079 1095 1123 1138 ἀ
1143 1097 1361 1154 patientia,
1392 1094 1505 1157 fique
1531 1098 1722 1140 animalia

219 1151 336 1194 sunul
353 1153 504 1195 fuerint
525 1154 719 1200 educata3
751 1151 990 1195 certiffimus
1006 1166 1145 1195 tamen
1163 1153 1249 1194 sum
1270 1152 1460 1202 cuilibet,
1498 1155 1569 1213 qui
1593 1155 1721 1213 Rupi-

219 1224 386 1267 capram
407 1209 508 1252 lbici
525 1211 594 1253 vel
613 1210 748 1252 Hirco
764 1210 996 1259 contulerit,
1015 1209 1323 1253 diverfiflimam
1341 1211 1474 1253 videri
1489 1210 1725 1255 debere.-

218 1267 448 1309 Videamus
464 1267 596 1310 modo
613 1266 960 1323 characteristicas
978 1269 1228 1323 Rzzpicaprae
1246 1280 1387 1317 notas,
1410 1269 1519 1311 adeo
1537 1269 1588 1311 ab
1611 1268 1723 1313 lbice

214 1324 513 1373 discordantes,
538 1337 582 1367 ut
598 1336 759 1382 praeter
772 1327 882 1367 vitae
899 1340 1031 1382 genus
1047 1324 1090 1367 <Sc
1111 1326 1393 1383 generaliores
1413 1326 1613 1384 quasdam
1627 1343 1724 1384 pro-

215 1384 457 1440 portiones,
494 1381 641 1441 quibus
669 1396 810 1425 tamen
843 1382 1071 1440 Antilopae
1102 1398 1253 1425 omnes
1282 1383 1373 1440 plus
1406 1384 1543 1426 minus
1573 1382 1724 1428 ssmiles

215 1440 306 1483 sunt
326 1447 387 1494 θ),
419 1441 496 1483 vix
520 1440 747 1498 quidquam
768 1439 1049 1497 comparabile
1066 1439 1311 1498 supersit.—
1344 1441 1521 1483 Habitus
1544 1441 1722 1505 Rupica—

213 1512 337 1556 prae,
366 1512 493 1556 quam
514 1500 655 1540 vivam
675 1498 776 1539 olim
794 1499 1038 1546 cicuratmn,
1071 1500 1112 1540 in
1133 1498 1290 1556 Belgio
1319 1498 1431 1557 apud
1455 1500 1718 1542 circumfora-

213 1570 341 1598 neum
358 1554 506 1597 vidi&
528 1554 734 1612 descripsi,
762 1557 933 1597 cervino
962 1556 1133 1613 quidem
1153 1554 1327 1613 groffior
1347 1555 1426 1605 est,
1458 1556 1528 1599 sed
1554 1555 1716 1600 hircino

214 1613 346 1655 multo
367 1614 603 1670 procerior,
626 1612 692 1662 ἀ,
719 1625 764 1655 ut
780 1610 896 1656 recle
928 1612 1074 1657 GtsN
1086 1628 1147 1656 ER
1159 1628 1212 1655 us
1247 1614 1325 1666 ait,
1364 1613 1462 1657 feris
1488 1615 1580 1657 altis
1589 1618 1719 1714 iidem

1634 1674 1717 1714 och-

250 1770 284 1806 e)
310 1769 343 1797 In
367 1767 436 1798 illud
456 1777 574 1807 quoque
597 1768 716 1798 inclinat
746 1769 986 1803 Bumomus,
1017 1776 1050 1799 ut
1071 1769 1270 1808 Antiloparum
1285 1768 1449 1798 numerosas
1464 1769 1490 1798 ἃ
1505 1767 1586 1808 saepe
1599 1769 1674 1799 inter
1690 1768 1717 1799 se

295 1809 447 1839 fimiifimas
464 1809 566 1848 species
577 1831 586 1844 ,
609 1820 680 1849 quae
698 1819 794 1839 tamen
811 1821 826 1839 a
841 1813 953 1840 Natura
965 1809 1094 1840 distin&e
1112 1820 1322 1850 propagantur,
1342 1822 1393 1850 pro
1416 1811 1594 1840 varietatibus
1619 1811 1718 1840 haberi

292 1853 383 1885 malit,
406 1852 572 1894 educatione
587 1851 739 1881 domestica
756 1855 939 1891 corruptas&
951 1853 1121 1881 commixtas
1136 1861 1285 1891 reputans;
1308 1853 1381 1882 forte
1398 1853 1482 1885 ideo,
1505 1853 1584 1891 quod
1601 1854 1717 1882 itinera-

293 1900 365 1922 tores
379 1892 475 1932 paffim
490 1893 630 1922 redemtas
645 1904 659 1922 a
676 1894 830 1931 gentilibus
846 1894 957 1923 Africae
971 1894 1126 1932 Indiaeque
1143 1895 1271 1923 Gazellas
1289 1893 1491 1923 mansuefacias
1509 1904 1715 1924 commemorn-

292 1936 393 1963 verint.
437 1934 466 1963 ld
482 1945 546 1963 vero
566 1945 624 1963 non
641 1936 720 1964 aliter
737 1935 957 1973 intelligendum
972 1935 1028 1969 est,
1051 1945 1145 1974 neque
1159 1937 1250 1974 magis
1268 1936 1296 1964 in
1313 1935 1400 1964 feram
1422 1935 1541 1974 speciem
1564 1936 1714 1970 redundat.

293 1985 380 2014 quam
396 1975 414 2004 fi
428 1977 503 2014 apud
519 1977 682 2015 Europaeos
700 1978 831 2015 Capi-coli
846 1978 889 2006 vel
906 1979 1029 2016 Lepores
1040 1977 1185 2013 juniores,
1205 1981 1229 2006 ὅ(
1249 1978 1323 2007 inter
1345 1977 1442 2006 Ruffos
1463 1977 1638 2007 australiores
1655 1981 1713 2007 An-

293 2017 394 2055 tilopes
409 2016 546 2056 scythicae
561 2017 647 2047 hoedi
660 2019 774 2047 ciem-ati
790 2019 915 2048 aluntur.
956 2018 1082 2048 Tametsi
1100 2029 1195 2057 neque
1209 2018 1312 2048 horum
1328 2019 1493 2048 animalium
1504 2040 1511 2051 ,
1535 2029 1629 2057 neque
1652 2019 1712 2048 reli-

296 2068 419 2097 quarum
437 2059 636 2097 Antiluparum
652 2060 787 2089 cicuratas
808 2071 912 2099 greges
932 2070 1062 2100 unquam
1088 2061 1144 2089 ulla
1164 2061 1241 2089 Gens
1262 2061 1306 2090 vel
1330 2060 1441 2090 Africae
1454 2062 1497 2090 vel
1514 2061 1609 2089 indiae
1626 2061 1712 2099 pavit.

291 2101 384 2128 Immo
404 2099 421 2128 ii
437 2099 571 2128 darentur
587 2102 734 2139 Antilopes
749 2103 890 2140 gregatim
909 2101 1094 2134 domesticae,
1119 2112 1178 2130 non
1193 2104 1284 2140 magis
1304 2102 1370 2131 inde
1390 2101 1635 2131 confunderentur
1652 2101 1711 2140 spe-

291 2142 346 2171 cies
356 2162 363 2173 ,
386 2142 524 2178 novisque
544 2141 726 2172 varietatibus
741 2144 1012 2183 multiplicarentur,
1037 2153 1122 2182 quam
1137 2153 1188 2182 per
1201 2145 1359 2173 Damarum
1374 2153 1478 2183 greges
1497 2144 1526 2174 in
1539 2144 1646 2182 Anglia
1654 2143 1712 2172 cul·

293 2192 349 2215 taS,
374 2182 601 2221 domesticosque
619 2184 782 2218 Turmulos,
802 2195 874 2225 quae
891 2184 954 2215 solis
968 2185 1111 2216 coloribus
1129 2185 1234 2215 ludunt
1249 2185 1388 2216 animalia.

299 2239 429 2295 spicis.
455 2238 565 2280 Zool.
589 2237 692 2293 Fas&
709 2238 782 2279 XI.
1096 2238 1132 2281 F
