2032 2732
652 214 833 271 Qu&
952 215 1156 269 (32)
1272 213 1454 271 ’ΜΨ

298 313 514 360 descendit.
586 309 810 355 Uralenses
837 310 949 370 alpes
975 310 1020 354 <Sc
1045 311 1242 370 regiones
1274 309 1453 355 Sibiriae
1491 311 1685 354 cultiores
1719 314 1802 365 jam

304 374 463 418 dudum
480 371 699 430 dereliquit
719 369 824 412 haee
843 370 1088 429 progenies,
1121 382 1247 429 atque
1261 371 1302 412 in
1320 368 1550 428 asperrimis
1577 371 1808 419 montium,

303 450 327 476 a
344 432 493 475 Tauro
519 431 626 472 inter
660 428 878 471 Tatariam
919 427 1164 471 orientalem
1204 429 1250 470 62
1278 426 1475 471 Sibiriam
1499 429 1809 472 continuorum,

302 490 562 535 securitatem
580 484 788 546 quaesivit.
837 486 1003 529 Dantur
1020 485 1156 528 adhuc
1175 484 1310 528 ibices
1329 487 1369 527 in
1383 486 1574 528 orientali
1590 485 1741 528 Sibiria
1751 485 1810 527 ul-

300 562 363 593 tra
380 546 569 595 Lenam,
599 548 725 602 inque
749 546 867 588 terris
894 542 1230 591 Kamtschaticis3
1267 544 1416 586 dantur
1442 555 1488 585 ut
1512 542 1651 587 ferunt
1673 545 1715 585 in
1740 543 1809 586 de-

303 606 411 651 serto
432 610 534 663 jugo
572 602 688 662 quod
719 601 1004 661 Tunguskam
1036 602 1221 644 mediam
1245 602 1298 644 ad
1319 603 1527 644 orientem
1551 599 1738 656 Jeniseae
1755 601 1809 643 le-

303 667 366 724 git
382 663 427 706 &
446 665 499 706 acl
518 661 684 704 Lenam
699 659 826 720 usque
845 659 1088 718 porrecium
1103 663 1230 712 Jacet3
1261 658 1331 701 sed
1343 660 1450 701 adeo
1467 673 1590 716 parce
1611 657 1808 701 omnibus

305 725 372 767 his
391 723 434 764 in
454 721 555 763 locis
572 731 813 767 occurrunt,
847 718 915 761 seu
941 718 1080 776 potius
1106 717 1208 758 locis
1236 717 1291 758 ita
1310 716 1517 759 inaccessis
1535 717 1739 775 gaudent,
1768 728 1814 758 ut

304 794 445 841 neque
476 779 961 823 MESSERschimo,
991 789 1070 816 nec
1099 773 1374 822 GMELINO,
1405 776 1477 834 qui
1500 787 1640 817 tamen
1663 774 1811 816 decen-

304 840 377 882 nio
395 835 589 880 Sibiriam
609 834 866 891 peragravit,
894 843 1202 890 pervenatores
1219 832 1486 880 innotuerint,
1504 833 1591 873 imo
1613 831 1813 889 posterior

306 894 505 940 audacter
519 892 806 951 perstrinxerit
836 890 867 932 S
881 905 945 932 τι(
957 904 1015 931 AL
1026 905 1082 931 EN
1096 905 1116 930 B
1129 904 1185 932 ER
1196 905 1222 931 G
1234 905 1246 930 1
1258 904 1322 932 uM
1355 904 1379 932 e
1403 889 1605 932 relatione
1622 888 1814 931 barbaro-

306 969 400 997 rum
420 952 575 995 Ibicem
598 949 705 991 inter
720 948 910 990 animalia
928 946 1116 995 Sibiriae,
1147 944 1311 1000 adjesto
1328 962 1499 1007 quoque
1515 948 1687 989 nomine
1704 946 1815 1004 apud

307 1009 542 1067 Mongolos
558 1005 717 1054 usltatO,
732 1005 1015 1049 recensentem
1035 1013 1045 1031 ²
1057 1018 1082 1055 2.
1114 1006 1214 1048 STE
1228 1020 1337 1047 LLER
1351 1019 1404 1047 us
1433 1006 1486 1047 de
1498 1003 1724 1063 praesentia
1737 1003 1817 1048 ibi-

309 1070 368 1112 cis
389 1069 430 1110 in
450 1065 602 1110 Sibiria
627 1076 788 1107 tantum
819 1063 972 1106 famam
999 1076 1235 1122 acceperat;
1272 1063 1315 1105 <Sc
1341 1063 1393 1106 ad
1418 1062 1703 1120 Tunguskam
1729 1062 1818 1105 dari

309 1123 506 1170 audivisse
523 1124 687 1166 videtur
706 1123 864 1180 v'anglus
886 1122 980 1177 Joh.
1002 1124 1120 1164 ssttL
1144 1126 1197 1175 ⁸),
1214 1121 1284 1179 qui
1300 1119 1495 1164 Sibiriam
1505 1120 1616 1162 cursu
1627 1135 1725 1178 pera
1760 1135 1821 1162 ra-

311 1186 453 1228 vit.——
501 1182 601 1239 Ego
626 1179 895 1238 posteaquam
923 1195 980 1221 ex
1004 1179 1150 1221 adlatis
1180 1178 1338 1220 ibicum
1356 1177 1573 1226 cornibus,
1603 1193 1710 1235 quae
1727 1135 1816 1220 {ub-

312 1242 411 1285 inde
432 1239 594 1296 Jenisea
615 1239 786 1285 fluvius,
826 1239 933 1279 inter
958 1237 1116 1278 nivales
1153 1249 1321 1278 montes
1349 1250 1650 1295 prorumpens,
1695 1236 1820 1278 alveo

313 1301 470 1346 volvit,
503 1296 619 1339 simul
642 1294 912 1338 barbarorum
939 1310 963 1337 e
994 1295 1194 1336 relatione
1218 1295 1363 1342 didici,
1400 1292 1637 1335 adhucdum
1664 1293 1751 1335 dari
1777 1294 1820 1334 in

314 1354 567 1413 limitrophis
584 1352 759 1396 Sibiriae
784 1352 945 1410 alpibus
971 1351 1126 1400 ibices,
1165 1352 1286 1393 nullis
1299 1352 1477 1409 propriis
1498 1351 1666 1408 peperci
1684 1350 1819 1392 sumti-

315 1415 415 1462 bus,
449 1426 493 1455 ut
510 1413 563 1455 ad
578 1410 886 1470 procurandum
914 1410 1101 1452 animalis
1125 1411 1336 1467 integrum
1360 1408 1569 1466 specimen
1595 1422 1821 1450 venatores

316 1474 560 1517 excitarem.
619 1468 707 1512 Sed
724 1468 792 1510 diu
803 1467 944 1510 frustra
960 1467 1035 1518 sui,
1066 1467 1204 1510 donec
1214 1468 1408 1521 januario
1421 1467 1537 1509 Anni
1562 1481 1671 1520 ³773*
1691 1480 1822 1524 quum

315 1534 398 1585 jam
425 1528 601 1572 Sibiriae
625 1526 924 1574 valedicerem,
969 1540 1043 1583 per
1069 1525 1273 1573 Tataros,
1316 1540 1494 1585 quorum
1522 1539 1650 1582 parva
1675 1537 1822 1566 manus

318 1588 558 1647 asperrimas
578 1585 715 1642 sylvas
732 1585 838 1626 inter
859 1583 984 1626 Udae
1000 1583 1044 1625 ὄι
1062 1581 1252 1636 Birjussae
1269 1581 1493 1625 fluviorum
1524 1583 1662 1624 sontes
1687 1582 1739 1624 ad
1763 1583 1822 1639 ip-

318 1646 402 1689 sam
418 1645 574 1687 calcem
589 1640 818 1696 Sajanensis
830 1642 918 1698 jugi
936 1640 1052 1689 colit,
1080 1642 1157 1682 vix
1174 1640 1291 1688 feris,
1315 1655 1489 1699 quarum
1516 1641 1740 1682 venatione
1761 1641 1821 1682 vi-

318 1716 424 1747 vunt
440 1703 654 1749 cultiores,
685 1699 817 1742 ibices
847 1699 932 1741 cluo
965 1697 1043 1740 feri
1067 1698 1301 1746 Tarandis‚
1372 1713 1447 1739 uos
1477 1699 1680 1739 cicuratos
1698 1697 1823 1746 alunt,

320 1762 373 1804 ad
389 1758 605 1804 Udinense
625 1759 934 1800 munimentum
962 1755 1108 1804 delati,
1145 1755 1326 1812 indeque
1341 1714 1656 1807 tl<rasn0jarium
1679 1755 1731 1796 ad
1754 1769 1825 1797 me

321 1816 489 1862 deveffi
504 1815 673 1859 fuissent.
734 1815 904 1857 Horum
922 1815 1085 1873 integer
1104 1813 1224 1861 alter,
1254 1814 1330 1855 vix
1348 1814 1540 1860 triennis,
1575 1812 1677 1854 alter
1693 1827 1820 1854 anno-

322 1876 406 1924 sus,
429 1887 597 1933 propter
616 1874 776 1916 molem
796 1872 1094 1915 Tarandorum
1114 1870 1234 1913 dorso
1253 1872 1424 1912 nimiam
1445 1869 1572 1911 securi
1589 1870 1826 1912 dimidiatus

321 1933 631 1980 adferebantur,
657 1931 927 1990 sequentique
947 1929 1210 1987 descriptioni
1226 1929 1443 1971 materiam
1458 1927 1673 1970 dederunt.

1690 1983 1826 2029 Ibices

364 2090 397 2125 t)
420 2086 496 2126 Reifi·
509 2085 596 2116 durch
615 2084 732 2114 Silvirien
757 2084 816 2112 Vol.
836 2084 872 2112 ΙΙ.
892 2082 1018 2122 praefat.
1039 2090 1066 2121 ρ.
1086 2095 1122 2112 ιι.

365 2132 405 2168 u)
427 2132 445 2159 l.
464 2131 559 2158 Βειι,
589 2128 697 2165 Voyage
717 2127 750 2154 de
771 2124 857 2164 Ruffir
881 2126 1012 2165 (ver-fian.
1027 2127 1115 2164 gall.)
1139 2124 1195 2153 Vol.
1211 2135 1230 2152 2.
1243 2131 1271 2162 p.
1286 2132 1336 2163 75.
1386 2123 1464 2155 lmen·
1477 2133 1561 2164 rupes
1583 2124 1617 2154 ad
1632 2122 1828 2163 Tunguskflm

406 2172 465 2200 dari
480 2172 586 2208 Capi-as
612 2168 682 2198 feras
698 2169 843 2206 (Capreas
858 2171 948 2206 puta)
967 2171 991 2196 ὰ·
1013 2168 1124 2196 Animal
1139 2168 1232 2205 longis
1242 2167 1391 2205 crassisque
1406 2167 1555 2200 comibus,
1578 2166 1753 2205 spadiceum.
1776 2175 1830 2195 tac·

409 2214 454 2242 uia
469 2211 565 2250 spinuli
581 2212 679 2250 nigra,
704 2220 811 2240 arunco
826 2210 961 2251 caprino,
982 2208 1028 2239 sed
1047 2210 1136 2248 capris
1152 2209 1240 2248 duplo
1257 2210 1365 2247 majus,
1389 2209 1468 2248 quod
1484 2209 1632 2239 lmuendis
1648 2207 1762 2237 saltibus
1782 2216 1830 2245 pet

407 2263 492 2294 rupes
508 2252 638 2291 desultet.
