2032 2732
573 228 752 285 Qess*
873 230 1079 300 (49.)
1197 231 1377 288 Qu&

222 326 332 370 simis
351 327 448 370 inde
466 323 724 383 temporibus
743 337 802 366 ex
817 325 1010 380 Aegagro
1029 324 1074 367 <Sa
1096 326 1196 368 Ibice
1212 328 1300 370 imo
1317 326 1362 370 <Sc
1382 330 1507 371 tertia
1535 328 1643 371 forte
1662 330 1728 372 ista

221 384 423 428 caucasica
444 384 596 442 specie,
628 385 740 434 cujus
758 380 874 439 supra
893 384 1156 424 mentionem
1181 384 1283 434 feci,
1312 387 1500 430 cicuratis
1524 387 1728 430 adulterio

221 455 462 502 generatam
475 471 486 486 ‚
518 440 630 483 varie
664 454 716 481 ue
735 440 916 481 mixtam
937 439 981 482 (Sc
1002 452 1276 502 temperatam
1290 476 1299 492 ‚
1331 459 1438 502 quae
1458 457 1599 488 tamen
1616 447 1727 503 prio·

219 504 274 543 ris
296 500 475 558 parentis
495 496 645 541 charae
667 511 780 545 eres,
809 497 927 539 altius
940 497 1174 556 impressos,
1203 499 1378 544 servavit
1398 505 1594 546 tenacius.
1653 503 1688 546 F
1691 518 1730 546 a-

217 559 332 601 cilius
356 556 407 599 fic
424 554 701 612 explicabitur
719 555 824 597 mira
844 557 1198 610 varietasfhrmcte
1219 559 1451 616 Caprarum
1473 575 1497 603 e
1516 562 1641 604 variis
1664 576 1726 604 re-

216 615 412 674 gionibus
430 613 690 662 collatarum,
720 627 802 672 qua
812 611 936 656 Oves
951 613 1200 657 domesticas
1212 618 1390 658 omnino
1409 619 1603 667 vincunt3
1625 633 1732 677 quae

215 687 356 716 tamen
380 672 478 714 inde
498 686 668 730 quoque
687 672 825 730 potuit
843 672 1009 730 augeri,
1041 672 1158 732 quod
1176 671 1281 716 haec
1301 689 1407 731 gens
1421 707 1430 723 ,
1463 675 1732 735 frigidissimis

214 730 392 789 Alpibus
415 732 623 788 gaudens,
655 731 696 771 in
714 730 911 787 regiones
931 729 1182 788 campestres
1201 730 1245 771 ἀ
1265 733 1418 773 calidas
1443 731 1628 777 humana
1653 736 1734 778 cul-

214 802 303 831 tura
326 789 538 836 translata,
570 789 672 830 caeli
690 789 779 830 vim
800 787 932 830 multo
959 789 1171 845 potentius
1201 787 1339 838 sensa,
1374 803 1502 848 quam
1526 793 1730 835 cicuratus

214 845 447 895 Musimon,
493 847 558 888 cui
587 846 858 903 temperatior
894 847 1013 903 regio
1049 847 1090 887 in
1125 846 1215 889 fero
1231 846 1332 889 statu
1350 845 1563 905 adsignata
1579 849 1648 892 est.
1674 877 1731 883 -ε

214 906 355 948 Immo
380 904 525 965 quidni
548 904 673 946 etiam
700 905 807 945 inter
831 903 954 946 Oves
979 903 1024 944 ὗε
1046 903 1206 961 Capras
1231 902 1373 961 passim
1393 906 1420 947 h
1459 905 1575 949 brida
1599 923 1729 966 gene-

214 975 300 1005 rata
319 962 362 1005 ἀ
382 962 566 1004 mediam
583 960 761 1003 formam
780 962 1067 1019 propagantia,
1089 963 1212 1005 novis
1230 921 1500 1006 varietatibus
1519 966 1729 1023 originem

215 1019 369 1064 dedisse
389 1020 630 1061 credamus?
661 1019 772 1061 Mihi
791 1019 962 1119 <Quidem
981 1018 1081 1061 illud
1100 1020 1142 1061 in
1161 1019 1480 1078 Angorensibus
1497 1022 1649 1081 Capris
1668 1023 1726 1067 fa-

214 1077 331 1121 &um
351 1075 465 1119 fuisse
483 1076 594 1119 haud
612 1077 801 1134 improba
835 1077 886 1119 ile
907 1076 1082 1119 videtur.

329 1135 416 1178 Sed
432 1136 484 1176 ad
520 1142 647 1176 {men
660 1151 689 1176 M
721 1134 902 1177 nostrum
916 1138 999 1187 Jam
1016 1135 1186 1177 tandem
1208 1135 1440 1178 redeamus.
1503 1136 1616 1180 Eum
1633 1140 1722 1199 qui·

212 1193 311 1235 dem
341 1189 582 1244 rigidissimo
602 1192 712 1234 vitae
736 1193 882 1250 generi
907 1207 930 1234 a
959 1193 1119 1234 Natura
1145 1203 1434 1249 comparatum
1455 1195 1721 1240 destinatum-

210 1265 293 1311 que
313 1246 426 1293 fuisse
440 1282 449 1296 ‚
478 1248 562 1307 ipsa
577 1249 775 1293 strutkura
796 1247 1063 1293 robustissima
1085 1265 1315 1299 cornuum,
1346 1254 1542 1302 cervicis,
1582 1268 1718 1297 armo-

208 1324 323 1355 rum,
354 1307 596 1367 pedumque
615 1307 851 1365 praesertim
870 1309 1115 1355 anticorum,
1149 1306 1269 1350 saltus
1286 1309 1473 1352 animalis
1492 1310 1717 1368 stupendos

209 1363 512 1414 sustinentium,
540 1380 617 1407 nec
642 1381 727 1407 non
757 1364 892 1407 forma
920 1366 963 1408 d:
981 1366 1167 1424 rigiditas
1184 1367 1453 1432 ungularum,
1483 1367 1716 1426 asperrimis

207 1422 315 1467 saxis
346 1423 456 1466 haud
489 1424 752 1471 cedentium,
782 1421 873 1466 satis
904 1422 1078 1482 probat,
1108 1437 1154 1466 ut
1185 1421 1376 1467 habitum
1410 1426 1452 1467 in
1479 1426 1716 1470 universum

206 1481 424 1527 horridum
442 1481 485 1523 ὅε
505 1478 722 1539 adspectus
747 1480 955 1524 feritatem
973 1493 1158 1530 taceam,
1188 1484 1314 1524 etiam
1338 1483 1381 1524 in
1404 1483 1636 1527 domestico
1656 1485 1714 1528 fa-

206 1537 279 1582 cto
297 1539 463 1581 animali
483 1539 635 1587 indoli,
665 1554 929 1599 nequaquam
946 1539 1131 1588 deletae,
1164 1539 1506 1584 consentientem.
1569 1542 1625 1585 Et
1642 1545 1715 1586 uti-

208 1612 288 1657 que
305 1596 415 1640 ferus
437 1596 558 1645 lbex,
584 1598 641 1638 uti
669 1597 720 1638 ab
746 1599 863 1639 initio
889 1596 1050 1640 dietum
1068 1597 1144 1646 est,
1175 1612 1199 1639 a
1217 1599 1326 1656 jugis
1345 1599 1577 1657 palmariis‚
1609 1617 1712 1661 quo-

207 1670 299 1697 rum
325 1657 458 1713 capita
480 1667 649 1696 aeterna
675 1654 778 1697 stant
803 1656 901 1697 nive
924 1655 1121 1703 candida,
1155 1655 1356 1715 nusquam
1384 1657 1512 1715 longe
1529 1656 1712 1708 discedit,

205 1711 655 1771 introquersylvestrem
679 1713 899 1771 regionem
927 1714 1081 1771 alpium
1106 1711 1146 1755 se
1170 1721 1357 1762 coercet,
1396 1729 1504 1773 quo,
1544 1716 1710 1773 Alpico-

204 1771 335 1813 larum
356 1784 688 1828 venatorumque
715 1770 973 1819 testimonio,
1007 1768 1220 1813 Mufimon
1248 1787 1462 1830 nunquam
1488 1787 1709 1830 penetrare

201 1827 315 1871 solet.
374 1829 535 1871 Mitiori
551 1841 745 1887 tempore
762 1830 858 1870 anni
880 1843 1003 1886 rupes
1021 1830 1210 1871 maxime
1228 1828 1445 1873 inaccessas
1463 1832 1508 1874 ὸι
1530 1831 1707 1889 frigidis-

205 1885 303 1928 sima
323 1888 530 1929 montium
547 1886 704 1944 fastigia
724 1887 835 1934 colit,

503 1970 560 1976 -—
620 1947 826 2001 finditque
854 1955 1016 1987 ruentes

504 2003 587 2043 Sub
606 2004 770 2057 pedllms
787 2004 941 2044 nimbos
957 2002 1006 2045 ΕΤ
1020 2016 1146 2044 rauca
1171 2005 1357 2045 tonitrua
1373 2004 1509 2046 calcat.

201 2057 448 2103 Delectatur
465 2060 577 2100 enim
593 2058 842 2118 rupel'tribus
859 2058 1043 2103 herbulis
1054 2061 1098 2102 (Sc
1116 2060 1252 2116 alpina
1268 2059 1505 2118 praesertim
1525 2063 1700 2120 virgulta

202 2118 350 2174 carpit,
384 2116 450 2158 illa
474 2115 708 2174 praesertim
731 2120 822 2160 loca
853 2119 1087 2178 requirens,
1127 2118 1507 2168 ubchtulamna,
1539 2121 1696 2163 Salices

201 2174 393 2233 alpestres
411 2174 573 2231 pumili,
611 2171 869 2225 sarmentosi,
908 2175 1227 2221 Rhodoclendra
1258 2175 1303 2218 ὁὶ
1328 2175 1550 2221 Thalicstra
1573 2179 1696 2226 varia,

258 2234 390 2290 spicil.
414 2233 579 2289 Zoolog.
600 2233 702 2290 Fasc.
714 2234 786 2275 XI.
1096 2232 1140 2276 G
1576 2235 1696 2278 Saxi-
