2032 2732
616 254 796 309 Qess‘
917 259 1120 308 (Μ)
1238 255 1409 313 Μεθ’

261 349 346 389 11³³
370 346 582 406 expressa)
612 362 687 390 ver
721 347 803 390 istis
834 348 876 389 in
906 349 1148 406 regionibus
1176 350 1333 409 saepius
1360 352 1458 395 nive
1497 352 1566 395 vel
1600 352 1755 409 pruinis

260 406 475 449 horridum
490 404 601 447 haud
622 419 748 462 aegre
770 404 918 447 ferunt.
979 407 1094 465 Agni
1113 422 1216 450 vero
1233 410 1403 450 neonati
1426 409 1580 452 vellere
1602 425 1757 467 conge-

260 466 370 510 nito,
402 463 550 519 pallide
569 461 741 520 gryseo,
774 462 910 511 molli,
935 463 1084 522 crispo,
1112 467 1307 522 agninam
1329 466 1515 508 indolem
1534 466 1626 510 satis
1648 467 1755 509 clare

259 522 466 562 indicante
488 532 584 561 tunc
602 519 902 569 defenduntur,
934 522 1048 580 quod
1066 519 1217 565 aestate
1234 522 1317 564 sera
1335 539 1450 566 novo
1476 524 1562 581 pilo
1582 536 1756 566 mutant.

259 579 453 619 Anniculi
478 576 625 619 dentes
650 578 857 635 primores
881 591 1060 626 mutant,
1108 580 1302 633 Januario
1333 580 1647 638 erumpentibus
1671 596 1756 624 me‘

258 635 354 683 diis,
386 646 431 676 ut
455 646 552 676 tunc
576 635 780 691 primores
808 633 964 692 saepius
988 636 1085 678 deni
1110 634 1258 682 adfint;
1302 635 1446 679 senfim
1481 639 1633 682 deinde
1666 638 1758 682 reli-

255 693 345 750 quis
371 690 723 735 succrescentibus.
785 693 1144 746 Bimestrib‘usjam
1165 707 1319 735 cornua
1339 693 1438 741 lata,
1465 697 1640 738 acinacis
1668 711 1754 738 mu-

254 750 369 792 croni
387 747 548 798 similia,
580 747 825 808 comprel'sa,
866 752 985 804 nigra
1010 763 1311 798 excreverunt,
1351 766 1457 811 quae
1483 754 1691 795 Arietibus
1712 755 1756 796 in

253 807 409 849 vast-am
433 807 591 849 molem
619 809 791 850 demum
820 806 1078 857 adolescunt,
1116 821 1161 850 ut
1185 807 1341 864 fingula
1357 824 1511 852 cornua
1529 808 1641 852 haud
1663 825 1756 852 raro

254 867 360 906 ultra
383 865 620 923 quindecim
644 864 766 907 libras
787 867 976 925 pondere
1001 864 1188 925 aequasse
1212 865 1296 907 visa
1317 865 1413 914 fint,
1446 865 1570 909 crassa
1594 866 1641 909 ἃ
1667 866 1757 909 infi-

254 937 383 980 gnem
403 923 446 965 in
474 920 621 979 spiram
645 935 847 965 contorta.
908 922 1034 965 Hisce
1059 923 1184 965 armis
1208 937 1344 965 mares
1366 925 1566 967 acerrime
1583 925 1692 967 inter
1715 924 1756 968 se

257 979 508 1037 confligunt,
544 981 600 1021 ita
620 992 662 1022 ut
674 978 793 1037 saepe
812 981 914 1022 alter
930 981 1105 1022 alterum
1123 984 1352 1038 praeruptis
1375 979 1482 1023 saxis
1501 982 1757 1046 praecipitet.

252 1038 454 1095 multique
471 1036 554 1079 hoc
572 1037 762 1080 intestino
782 1037 892 1080 bello
915 1050 1105 1095 pereant;
1138 1037 1248 1079 unde
1267 1040 1308 1079 in
1335 1039 1544 1080 montanis
1573 1038 1756 1088 desertis,

251 1093 325 1137 ubi
350 1094 455 1136 haec
482 1095 673 1137 animalia
697 1094 984 1154 frequentant,
1029 1093 1172 1153 paffim
1205 1095 1437 1139 maximam
1468 1096 1535 1138 illa
1569 1096 1754 1139 ferorum

250 1152 425 1193 arietum
451 1167 627 1200 cornua,
667 1151 882 1212 sparsaque
910 1151 994 1194 ossa
1016 1165 1248 1194 occurrunt.
1320 1154 1379 1195 At
1401 1154 1598 1202 Ferm'nis,
1626 1155 1754 1196 etiam

250 1208 433 1259 annosis,
464 1224 618 1251 cornua
633 1224 846 1268 nunquam
865 1225 918 1252 ne
933 1208 1162 1262 junioribus
1180 1209 1351 1270 quidem
1362 1211 1543 1253 arietinis
1555 1212 1666 1268 paria
1681 1226 1754 1255 ne-

249 1281 331 1325 que
357 1267 399 1308 in
424 1265 570 1324 spiram
584 1279 696 1309 torta
714 1266 916 1315 crescunt,
945 1265 1014 1310 sed
1031 1268 1192 1315 tenuia,
1221 1265 1385 1318 falcata,
1412 1268 1545 1325 iisque
1563 1269 1606 1310 in
1623 1266 1754 1311 seram

250 1336 430 1366 aetatem
451 1323 594 1366 fimilia
609 1337 799 1373 manent,
832 1337 939 1383 quae
962 1325 1140 1381 figuram
1164 1326 1419 1379 posteriorem
1445 1326 1566 1367 TAB.
1590 1324 1754 1368 nostrae

250 1383 320 1422 I'ffl‘
339 1394 499 1423 ornant.
559 1382 763 1440 Corporis
781 1397 950 1442 quoque
967 1383 1080 1424 mole
1098 1381 1258 1439 semper
1272 1381 1400 1440 longe
1418 1381 1634 1425 inferiores
1651 1383 1753 1425 arie-

249 1437 358 1481 tibus
375 1436 454 1480 esse
471 1438 601 1491 solent
617 1439 798 1482 feminae
809 1471 819 1487 ‚
849 1441 904 1482 ita
920 1452 965 1482 ut
981 1439 1042 1482 isti
1060 1451 1264 1482 trecentas
1282 1439 1493 1482 interdum
1511 1438 1635 1484 libras
1648 1454 1753 1498 pon-

249 1496 349 1539 dere
368 1495 576 1553 superem,
607 1496 688 1539 hae
701 1512 794 1539 raro
811 1497 999 1539 ducentis
1017 1501 1194 1550 majores
1218 1498 1484 1554 reperiantur.

293 1596 302 1599 ,
365 1553 516 1596 Pascua
532 1569 556 1596 a
570 1569 670 1597 vere
689 1555 731 1596 in
759 1568 1003 1597 autumnum
1020 1570 1095 1612 per
1116 1555 1345 1603 convalles,
1370 1555 1477 1598 circa
1495 1569 1639 1613 rupes,
1670 1555 1752 1599 cle-

248 1612 560 1671 mentioresque
581 1613 789 1654 montium
808 1611 1048 1654 saxosorum
1065 1610 1276 1654 adscensus
1292 1624 1495 1670 quaerunt
1516 1612 1752 1670 Argalides,

247 1669 319 1710 ubi
338 1669 529 1712 laetiores
545 1670 706 1727 alpinae
721 1670 909 1727 plantae,
942 1670 1204 1730 virgultaque
1222 1671 1335 1712 varia
1357 1670 1520 1728 largum
1544 1668 1750 1727 praebent

247 1726 511 1774 alimentum,
549 1742 633 1785 quo
660 1726 896 1784 praesertim
920 1739 1121 1770 autumno
1145 1725 1440 1785 pinguescunt,
1477 1726 1749 1770 venatoribus

246 1794 336 1826 tum
352 1784 567 1827 faciliores.
627 1785 797 1827 Deinde
815 1785 976 1843 hyeme
993 1797 1164 1842 propter
1185 1785 1310 1827 altam
1335 1785 1377 1826 in
1404 1783 1661 1828 convallibus
1688 1786 1750 1828 ni·

246 1855 366 1892 vem,
405 1843 446 1883 in
471 1843 606 1900 aprica
634 1855 937 1901 praeruptaque
963 1844 1174 1884 montium
1203 1843 1440 1890 cacumina,
1483 1843 1527 1885 vi
1548 1842 1747 1900 procella-
1799 1861 1805 1866 ·

248 1913 341 1940 rum
366 1913 389 1940 a
414 1900 512 1942 nive
536 1900 763 1949 denudata,
794 1898 1037 1951 escendunt,
1074 1898 1264 1958 siccoque
1294 1901 1402 1942 inter
1424 1899 1527 1942 saxa·
1543 1901 1747 1958 gramine,

248 1956 456 2014 virgultis,
486 1957 763 2017 plantulisque
787 1956 1059 2015 perennibus,
1090 1955 1502 2016 sempervirentibus,
1536 1959 1625 2000 imo
1642 1957 1746 2000 mus·

250 2014 306 2055 cis
328 2029 496 2072 quoque
516 2016 636 2057 variis
655 2015 699 2058 ἃ
716 2015 976 2075 Licheqibus
994 2015 1176 2063 aluntur3
1192 2015 1303 2057 uncle
1320 2012 1464 2057 senfim
1479 2014 1747 2064 macrescunt,

246 2083 439 2129 tempore
466 2087 619 2121 verno,
652 2088 748 2115 cum
774 2074 903 2131 pilum
929 2073 1174 2122 demittunt,
1218 2073 1407 2115 maxime
1431 2072 1608 2117 colleffa
1630 2074 1744 2130 prius

247 2128 385 2187 sagina
405 2128 639 2172 exhaustae.
698 2131 932 2189 purgantur
950 2143 1048 2173 tunc
1064 2145 1087 2172 a
1103 2129 1375 2188 praecocibus
1392 2129 1617 2178 Pulsatillis‚
1639 2130 1743 2171 aliis-

248 2202 330 2244 que
357 2187 504 2245 plantis
526 2189 843 2234 anemonoideis
866 2187 1048 2290 acrgus,
1079 2203 1180 2249 quas
1203 2189 1330 2233 etiam
1354 2187 1602 2233 domesticae
1618 2186 1742 2287 (ᾖξε-3

1000 2261 1024 2289 2
1224 2256 1227 2257 ’
1491 2255 1495 2257 ’
1595 2259 1662 2288 avi
1694 2259 1744 2287 is·
