2032 2732
662 253 828 310 ²532.ss
942 255 1180 306 (68)
1297 254 1461 311 Qu&

300 348 467 390 adibunt
492 345 795 399 dijudicandum
819 344 1080 386 commendo.
1149 345 1251 386 Sunt
1276 346 1385 387 enim
1410 346 1533 401 pelles
1558 345 1674 400 hujus
1700 348 1822 388 varie-

300 406 387 446 tatis
412 417 540 459 paene
572 403 701 458 magis
736 417 757 444 a
789 402 1022 457 vulgaribus
1047 400 1267 454 Zibellinis,
1311 417 1435 457 quam
1469 403 1544 445 hae
1576 418 1598 445 a
1621 404 1824 446 Manibus

301 461 490 504 diversae.

414 574 636 616 Pulcriores
656 587 694 616 et
710 572 962 629 pretiosiores
977 572 1202 615 Zibellinae
1218 574 1259 615 in
1276 588 1427 630 genere
1445 574 1493 615 ad
1510 574 1540 629 J
1542 574 1720 616 eniseam
1739 574 1828 616 funt

301 634 481 676 rariores.
542 632 775 672 Occurrunt
797 644 931 672 autem
957 630 1110 671 ibidem
1136 643 1174 672 et
1191 631 1415 672 Kuiheziae·
1434 631 1519 672 stitis
1536 631 1704 673 crebrae
1721 631 1829 673 exso-

303 691 484 732 letiffimo
511 688 646 730 colore
666 688 802 742 pelles,
832 687 975 743 pallide
997 687 1175 742 gryleae,
1202 689 1286 728 imo
1310 687 1427 741 plane
1451 688 1629 742 pallidae,
1663 688 1717 729 ad
1737 688 1829 729 albi·

304 748 403 790 dum
424 746 603 788 colorem
623 745 869 793 inclinantes,
891 744 984 799 gula
1001 744 1230 784 concolore.
1291 743 1344 784 Et
1359 744 1414 784 est
1429 746 1533 786 inter
1550 744 1705 800 pejores
1725 758 1834 786 tanm-

305 804 449 846 coloris
466 803 645 849 varietas,
661 814 704 843 ut
716 801 1027 855 descriptionem
1045 799 1160 853 plane
1178 813 1262 840 non
1279 799 1469 841 admittat.
1500 801 1696 855 januario
1716 816 1830 851 ¹772·

306 875 331 903 ev
345 861 508 902 Kansko
538 858 733 914 oppidulo
755 857 910 898 oblatae
935 856 1036 897 mihi
1055 853 1170 897 fuere
1186 856 1309 911 pelles
1326 856 1427 898 duae
1442 857 1736 899 Zibellinarum
1755 859 1832 899 rari

306 917 528 960 admodum
555 915 723 967 coloris3
755 927 929 969 quarum
954 912 1074 954 altera
1098 913 1237 965 major,
1272 926 1354 955 tota
1379 926 1462 955 erat
1483 914 1619 967 dilute,
1651 915 1715 956 vel
1731 914 1833 955 exal-

305 971 545 1020 bido-fulvi,
577 971 726 1021 subtus,
751 971 981 1025 praesertim
1007 971 1049 1010 in
1071 969 1177 1025 gula,
1209 970 1431 1012 intensioris
1457 971 1613 1021 coloris,
1641 972 1770 1027 capite
1786 971 1834 1012 al-

306 1031 415 1081 bido,
447 1029 575 1083 rostro
594 1028 710 1082 plane
727 1028 830 1078 albo,
863 1027 951 1082 pilis
968 1028 1009 1068 in
1029 1040 1110 1068 tota
1127 1026 1229 1082 pelle
1247 1027 1363 1068 nullis
1377 1029 1522 1083 nigris;
1549 1028 1670 1070 altera
1687 1029 1834 1078 minor,

307 1087 592 1144 pulcherrima,
619 1086 832 1140 ,puriffimi
861 1084 1046 1125 candoris
1068 1081 1161 1135 fuir?
1195 1096 1350 1125 tantum
1377 1084 1513 1125 subtus
1539 1084 1835 1140 longitudinali-

309 1158 382 1194 ter,
410 1143 641 1199 praesertim
659 1142 764 1198 gula,
795 1140 1050 1194 flavescebat3
1087 1140 1279 1182 Medium
1299 1141 1462 1182 dorsum
1479 1141 1568 1195 pilis
1584 1141 1835 1194 longioribus

310 1202 449 1257 nigris,
481 1200 656 1241 tenuiter
679 1212 718 1240 et
733 1199 980 1254 pulcerrime
997 1210 1080 1239 erat
1098 1197 1411 1252 obumbratum3
1440 1197 1511 1253 pili
1526 1200 1622 1239 item
1639 1199 1745 1254 nigri
1764 1211 1836 1252 per

310 1271 418 1301 artus
434 1257 544 1299 albos
561 1256 761 1311 usquead
781 1256 924 1308 digitos
948 1252 1033 1296 fere
1057 1254 1226 1309 adspersi
1254 1267 1379 1306 erant,
1407 1254 1631 1297 crebriores
1649 1256 1690 1296 in
1709 1257 1837 1295 antica

310 1314 412 1357 facie
447 1314 632 1369 priorum
665 1313 816 1368 pedum
830 1326 845 1366 3⁷
883 1311 1040 1367 plautae
1080 1325 1119 1353 et
1143 1324 1263 1366 caput
1287 1326 1389 1366 pure
1414 1311 1594 1361 candida,
1630 1311 1839 1365 caudaque

313 1373 413 1418 alba,
452 1370 542 1426 pilis
563 1371 679 1424 supra
703 1371 800 1411 raris
830 1370 968 1424 nigris.
1035 1368 1177 1410 Ambo
1202 1368 1397 1409 masculae
1421 1366 1590 1409 fue-rant.
1627 1390 1669 1398 -
1745 1364 1840 1408 Vidi

313 1428 619 1470 etiamlrcutiae
643 1427 789 1481 pellem
807 1426 1028 1467 Zibellinae
1053 1423 1312 1475 rufofulvam‚
1343 1425 1479 1466 colore
1503 1425 1673 1466 omnino
1691 1424 1841 1466 Muste-

313 1486 373 1527 lae
393 1485 575 1525 {ibiricae
637 1483 875 1524 Asservatur
893 1484 1013 1523 etiam
1036 1483 1078 1523 in
1094 1482 1239 1523 Museo
1257 1481 1565 1536 Petropolitanov
1580 1481 1692 1536 pellis
1709 1480 1842 1522 Zibel-

314 1543 416 1585 linae
442 1554 524 1583 tota
548 1541 641 1581 nive
666 1540 886 1589 candidior,
918 1540 1096 1593 exceptis
1119 1540 1259 1589 rostro,
1292 1538 1463 1593 pedibus
1481 1551 1520 1580 et
1539 1538 1664 1580 cauda
1682 1538 1841 1593 gryfco-

314 1597 523 1640 nebulofis.
582 1596 792 1650 Ejusmodi
811 1597 921 1637 albae
939 1595 1164 1637 Zibellinae
1178 1596 1326 1650 partim
1342 1596 1507 1637 raritatis
1524 1595 1637 1637 causti
1660 1596 1842 1650 integrae

316 1655 521 1753 {fliirvari'l
543 1654 691 1708 partim
715 1657 772 1695 ad,
794 1652 992 1695 ornzmclas
1020 1652 1270 1707 episcopales
1284 1653 1420 1693 mitras
1437 1652 1527 1694 loco
1544 1650 1843 1696 Ermineaead-

342 1712 359 1753 ‘i
390 1712 448 1753 eri
468 1711 508 1752 so
526 1723 604 1751 eno

433 1823 478 1864 In
503 1822 679 1878 pelliceis
702 1821 878 1863 vestibus
902 1835 952 1863 ex
967 1821 1172 1873 America3
1203 1834 1246 1863 ut
1272 1823 1368 1873 dixi,
1403 1823 1444 1864 i'n
1462 1822 1649 1864 Sibi‘ri‘am
1672 1819 1843 1863 adveffi-

320 1881 396 1931 tiis,
426 1882 606 1931 exuviae,
637 1893 736 1935 quas
760 1893 809 1920 ex
827 1879 976 1920 caudae
995 1880 1259 1933 proportione
1275 1894 1389 1920 veras
1404 1879 1619 1920 Zibellinas
1636 1877 1712 1919 effe
1728 1890 1844 1931 appa-

319 1950 394 1988 ret,
425 1949 510 1978 toto
534 1950 707 1991 corpore
725 1949 897 1977 amoeno
916 1950 938 1977 e
955 1934 1277 1976 castaneo-fulvo
1299 1935 1387 1976 sunt
1403 1935 1551 1985 colore,
1583 1935 1671 1990 pilis
1688 1934 1842 1989 longio-

321 1993 445 2043 ribus,
472 1992 728 2034 creberrimis
747 2005 786 2033 et
802 1991 1074 2046 rigidioribus,
1103 1991 1244 2032 itidem
1269 1992 1470 2042 castaneis,
1499 1991 1596 2046 gula
1617 1990 1770 2039 sensim,
1800 2000 1848 2031 ut

322 2050 448 2105 vulgo
482 2050 523 2090 in
550 2048 739 2099 Sibiricis,
784 2047 1016 2090 canescente
1042 2047 1105 2088 ve!
1131 2047 1314 2102 pallente,
1360 2048 1627 2096 immaculata,
1672 2046 1844 2102 pedibus

322 2105 575 2162 (praesertim
599 2105 776 2160 posticis)
800 2118 883 2146 non
911 2105 1035 2159 nigris
1066 2103 1132 2145 sed
1162 2104 1676 2160 castaneo-nigricanribus,
1718 2102 1845 2144 cauda

324 2177 423 2206 vero
438 2162 559 2218 plane
574 2162 751 2204 castanea
766 2162 830 2204 vel
850 2161 974 2202 etiam
985 2160 1212 2216 fiibgrysea,
1242 2173 1398 2204 tantum
1417 2162 1530 2216 apice
1554 2161 1749 2216 brunnea,
1780 2158 1843 2222 vel

1723 2228 1841 2271 nigri-
