2032 2732
638 259 824 361 Qua
938 241 1146 317 (52')
1262 260 1444 319 Qua*

325 358 1771 438 WWWQ

751 491 1349 578 ONISCUS

615 630 1485 697 CANCELLUS.

294 786 708 963 Pulcherrimum
724 825 858 869 hocce
872 824 1082 870 InseRum
1099 838 1220 869 extra
1235 824 1430 869 Sibiriam
1446 823 1590 868 nullibi
1607 823 1795 868 observa-

472 896 559 935 tur,
589 899 613 926 a
632 885 801 926 nemine
818 882 959 926 saltem
981 897 1192 941 repertum
1218 883 1306 925 fuit.
1366 882 1566 925 Abundat
1589 895 1729 925 autem
1752 884 1796 923 in

473 942 613 988 Lena,
651 939 780 982 fluvio
804 942 1009 982 ulterioris
1033 940 1231 987 Sibiriae,
1263 939 1308 980 &
1335 937 1531 981 omnibus
1557 954 1663 997 quae
1686 940 1728 980 in
1751 939 1795 980 il-

291 998 378 1041 lum
397 998 645 1055 colliguntur
660 996 845 1045 fluentis,
874 998 1094 1055 praecipue
1115 999 1283 1055 Angara
1302 995 1347 1039 dc
1366 997 1482 1038 Lacu
1498 997 1642 1041 Baika!
1663 1012 1687 1039 e
1710 1011 1795 1055 quo

291 1054 459 1114 profluit
479 1059 660 1113 Angara.
721 1054 1046 1113 Quamprimum
1068 1053 1126 1097 ibi
1149 1055 1301 1112 glacies
1325 1052 1513 1102 solvitur,
1537 1066 1651 1096 tanta
1674 1055 1795 1111 copia

290 1124 485 1171 apparet,
519 1126 565 1154 ut
593 1127 618 1154 e
643 1113 873 1169 praecipuis
899 1113 1105 1154 alimentis
1130 1111 1177 1153 sit
1202 1112 1530 1154 Truttaceorum
1556 1111 1725 1170 piscium
1749 1110 1794 1153 <Sc

292 1172 435 1214 avium
462 1170 761 1227 aquaticarum,
794 1183 901 1227 quae
927 1181 1024 1212 tunc
1055 1184 1113 1212 ex
1131 1168 1336 1226 hybernis
1365 1169 1548 1227 undique
1566 1170 1794 1211 adventant

290 1226 478 1270 solatium
494 1225 664 1285 insigne.
720 1226 901 1268 Truttae
918 1225 975 1268 ibi
989 1227 1182 1285 vulgares
1199 1226 1242 1269 ἀ
1260 1227 1528 1268 Salmonatae
1547 1226 1792 1285 plerumque

290 1284 566 1328 ventriculum
590 1283 828 1337 hujusmodi
851 1284 1016 1327 Oniscis
1041 1283 1241 1327 refertum
1274 1282 1481 1326 exhibent
1512 1285 1649 1342 primo
1678 1298 1791 1326 vere.

291 1342 435 1393 Quam
463 1342 634 1402 quidem
655 1343 921 1398 rapacitatem
945 1342 1073 1385 iidem
1094 1340 1238 1385 Onisci
1262 1339 1523 1391 ulciscuntur,
1558 1341 1638 1383 hos
1663 1339 1791 1399 pisces

291 1400 512 1448 vexando,
541 1414 771 1457 eorumque
788 1398 995 1442 branchiis
1015 1397 1362 1441 adhaerescendo.

407 1458 625 1500 Praeterea
650 1458 777 1499 etiam
800 1455 852 1499 ab
879 1456 1122 1499 hominibus
1150 1457 1226 1498 tuti
1253 1471 1340 1497 non
1366 1455 1454 1497 sunt
1474 1454 1619 1499 Onisci
1646 1455 1790 1503 nostri3

291 1513 343 1558 ab
361 1515 511 1557 accolis
538 1515 651 1556 enim
676 1514 925 1571 colliguntur
945 1514 990 1555 dc
1009 1511 1121 1555 costi
1139 1515 1180 1554 in
1198 1513 1354 1555 deliciis
1370 1512 1596 1562 habentur,
1629 1514 1787 1571 magni-

289 1572 433 1614 tudine
449 1573 599 1629 pariter
615 1571 659 1613 δι
677 1567 872 1628 εάἷρεᾶυ
896 1571 1014 1628 grati.
1073 1570 1277 1614 Colorem
1295 1571 1421 1612 etiam
1439 1567 1570 1619 cocti,
1601 1570 1790 1613 adinstar

291 1629 574 1677 cancrorum,
615 1629 866 1670 miniaceum
889 1629 1124 1685 acquirunt,
1167 1643 1262 1670 cum
1288 1629 1376 1670 vivi
1396 1628 1586 1670 olivaceo
1603 1654 1617 1660 -
1635 1629 1789 1670 cinera-

288 1685 470 1729 scentem
487 1685 531 1729 δι
549 1687 590 1728 in
611 1684 757 1728 umbra
774 1684 907 1727 siccati
923 1685 1104 1729 albidum
1126 1684 1363 1742 praebeant.
1422 1685 1478 1728 Et
1496 1684 1602 1727 hanc
1618 1686 1788 1743 quidem

291 1744 478 1786 colorum
510 1745 788 1786 mutationem
813 1742 958 1787 Onisci
982 1741 1270 1802 squilliformes
1308 1757 1458 1786 omnes
1488 1758 1583 1786 cum
1614 1743 1787 1787 Cancris

289 1815 558 1844 communem
574 1799 741 1843 habent.

405 1863 618 1916 Apparent
643 1859 685 1900 in
704 1856 899 1906 Sibiriae‚
927 1869 973 1900 ut
995 1858 1105 1907 dixi,
1142 1858 1280 1917 aquis,
1302 1872 1425 1916 quam
1458 1858 1607 1900 timum
1630 1856 1786 1915 hyems

290 1913 476 1964 solvitur,
505 1917 727 1974 vernisque
746 1914 973 1966 menfibus,
1010 1931 1141 1974 usque
1163 1917 1204 1957 in
1219 1916 1389 1970 Junium
1410 1930 1432 1957 a
1465 1916 1621 1959 undant
1642 1914 1786 1960 Onisci

289 1972 434 2020 nostri3
481 1972 609 2015 Tunc
624 1985 764 2015 autem
782 1971 924 2015 senfim
938 1974 1178 2015 minuuntur
1195 1972 1239 2015 dc
1261 1972 1464 2030 disparent
1483 1974 1673 2022 tandem,
1712 1973 1784 2017 ob-

288 2029 475 2072 servante
493 2032 649 2085 Optimo
672 2031 895 2073 STELLER
905 2045 944 2080 o,
963 2031 1005 2072 in
1023 2034 1134 2083 cujus
1150 2029 1311 2072 schedis
1328 2031 1380 2073 de
1396 2030 1474 2073 hac
1490 2029 1623 2088 specie
1641 2035 1785 2090 (quam

290 2087 517 2146 „Squillam
541 2086 781 2131 fluviatilem
803 2087 870 2129 seu
896 2087 1198 2146 Phryganeum
1224 2086 1338 2130 fluvii
1364 2092 1579 2146 Angarae“
1608 2089 1783 2146 appella-

287 2146 390 2198 vit),
418 2145 621 2211 quaedam
640 2146 870 2187 memoriae
886 2146 1051 2203 prodita
1066 2146 1219 2188 inveni.
1279 2145 1421 2188 Didici
1439 2146 1556 2195 inde,
1594 2146 1707 2205 quod
1725 2160 1782 2188 ex

288 2200 433 2247 habitu
451 2200 595 2247 infesti
608 2202 726 2247 facile
743 2200 1042 2254 conclufiffem,
1074 2203 1175 2247 illud
1192 2202 1342 2247 eadem
1361 2204 1542 2254 ratione,
1571 2218 1618 2247 ac
1639 2202 1781 2303 (ἳήἰῖὶῗί

1681 2275 1735 2318 qu
1768 2285 1781 2292 “
