2032 2732
625 218 851 310 ‘aare
966 254 1204 309 (56)
1319 220 1547 312 awa*

318 346 422 388 ultra
445 345 540 387 lrtin
562 344 725 386 tandem
752 359 827 399 per
853 344 1084 386 universam
1112 357 1311 387 terrarum
1333 345 1600 397 latitudinem,
1640 359 1662 386 a
1680 345 1848 388 summis

315 403 435 459 jugis,
473 417 576 458 quae
603 402 771 444 flumina
800 401 936 443 versus
963 400 1171 457 glacialem
1190 402 1402 444 Oceanum
1428 404 1606 454 mittunt,
1648 403 1773 458 nique
1799 402 1850 444 ad

321 460 566 502 denudatam
590 458 706 513 hujus
731 473 859 509 oram,
898 458 1026 513 sylvas
1053 458 1293 503 denfiffimas
1318 473 1356 500 et
1374 460 1544 502 desertas
1561 459 1720 513 colunt3
1751 473 1851 513 quo-

321 532 401 573 que
426 518 628 565 desertior,
661 518 872 572 magisque
894 515 945 557 ad
963 517 1170 557 orientem
1187 513 1363 570 frigescit
1380 531 1418 557 et
1435 518 1475 557 in
1495 516 1708 571 alpestrem
1735 515 1851 557 situm

322 575 483 629 assurgit
507 574 662 622 Sibiria,
702 588 750 614 eo
775 573 1016 627 copiosiores
1043 586 1162 627 atque
1187 574 1407 627 pulcriores
1431 575 1656 627 capiuntur.
1726 573 1852 614 Ante-

322 645 445 686 quam
471 632 682 686 regionem
709 631 813 671 illam
840 631 1018 671 maxime
1041 630 1278 670 orientalem
1307 629 1493 670 hodierni
1518 630 1674 671 domini
1705 629 1853 671 invase·

323 703 424 731 rant.
462 689 504 729 in
531 700 688 729 tantum
713 701 934 728 numerum
957 686 1178 727 Zibellinae
1205 699 1318 727 erant
1344 686 1640 741 multiplicatae,
1674 699 1717 727 ut
1743 685 1852 727 nullo

321 747 488 800 negotio
514 758 772 799 caperentur3
818 756 1000 793 aureum,
1034 744 1122 783 ‘imo
1153 743 1282 783 carius
1306 756 1403 783 auro
1429 757 1569 784 earum
1595 743 1720 784 vellus
1746 743 1853 797 quasi

322 817 397 859 pro
415 803 518 844 duce
538 814 576 842 et
592 802 862 845 excitamento
881 798 957 839 fuit
975 800 1017 839 in
1032 798 1274 852 detegendis
1292 812 1330 839 et
1352 800 1597 853 occupandis
1614 801 1762 854 ignotis
1780 800 1853 841 illis

323 859 439 901 Asiae
459 858 626 899 borealis
647 858 791 911 plagi-<3
832 856 953 904 unde,
984 868 1027 894 ur
1047 854 1119 895 alia
1138 867 1306 904 taceam,
1338 856 1537 910 quidquid
1556 856 1852 911 Geographzaffi

322 916 520 970 Phylicae,
561 914 760 954 Historiae
779 912 943 953 naturali
969 912 1155 959 accrevit,
1191 911 1402 954 Zibellinis
1422 911 1511 965 jure
1528 912 1709 954 debetur,
1772 913 1852 954 Sed

324 974 485 1015 avaritia
501 971 714 1024 Europ-aea
739 982 888 1010 tantam
915 969 1018 1008 intra
1046 968 1245 1011 saeculum
1269 969 1442 1024 stragem
1472 969 1619 1010 horum
1639 969 1854 1010 animalcu-

323 1030 455 1071 lorum
473 1027 596 1069 edidit
613 1040 651 1068 et
668 1028 709 1067 in
728 1026 974 1079 extirpandis
992 1026 1037 1065 iis
1054 1024 1246 1066 industria
1263 1038 1345 1066 tam
1365 1024 1442 1067 fuit
1469 1026 1688 1081 ingeniola,
1718 1038 1763 1067 ut
1787 1025 1853 1067 ho-

324 1087 388 1128 die
412 1084 568 1128 nonnisi
590 1085 631 1125 in
658 1096 813 1124 remota
837 1082 1110 1123 latillimarum
1135 1081 1337 1136 sylvarum
1365 1082 1587 1132 solitudine,
1618 1084 1742 1138 inque
1762 1083 1854 1136 alpi·

323 1144 398 1184 bus
425 1141 595 1197 sylvosis,
625 1154 752 1196 paene
778 1154 889 1181 exna
909 1138 1073 1179 Sibiriae
1092 1138 1189 1179 fines
1205 1139 1350 1192 politis,
1383 1153 1502 1194 atque
1525 1140 1693 1181 demum
1711 1141 1751 1180 in
1769 1139 1853 1186 ulti-

324 1215 392 1241 mo
414 1197 592 1240 orientali
612 1198 761 1252 angulo
789 1196 902 1237 Aliae
920 1209 958 1236 et
978 1195 1183 1249 peninsula
1202 1195 1490 1246 Kamtlchatka,
1524 1197 1592 1237 ubi
1612 1197 1658 1237 al]
1686 1196 1852 1237 homine

323 1255 509 1312 fugiendi
536 1256 645 1296 locus
674 1269 753 1294 non
773 1266 868 1303 erat,
901 1252 1059 1307 aliquali
1080 1266 1252 1293 numero
1269 1253 1469 1308 supersint.
1533 1253 1600 1293 Ad
1620 1253 1776 1293 Lenam
1797 1251 1853 1303 fl.²

324 1310 393 1356 ubi
419 1312 626 1368 quondam
655 1312 833 1356 maxime
857 1308 1040 1364 copiosae
1063 1307 1238 1359 fuerant,
1269 1309 1353 1364 ipffi
1377 1309 1623 1351 Lenensium
1640 1309 1853 1353 Zibellina-

323 1385 416 1412 rum
440 1369 669 1425 pulcritudo
693 1367 854 1422 plebem
883 1366 1057 1411 alhciens
1084 1365 1230 1413 effecit,
1276 1380 1319 1407 ut
1344 1367 1489 1407 exustis
1516 1380 1590 1420 per
1615 1365 1853 1406 nov-accolas

323 1428 455 1482 sylvis,
487 1425 614 1466 multo
640 1425 808 1465 rariores
836 1437 945 1463 nunc
970 1422 1053 1464 lint.
1085 1436 1207 1478 quam
1232 1424 1274 1465 in
1294 1423 1444 1465 Obensi
1467 1436 1505 1466 et
1522 1421 1854 1464 Verchoturiensi

324 1485 503 1540 regione,
532 1483 602 1523 ubi
618 1480 777 1536 pejores
797 1481 932 1521 minus
949 1479 1118 1520 allexer:
1146 1479 1323 1522 colonos.

440 1537 711 1580 Memorabile
741 1537 795 1577 est
817 1550 989 1578 omnem
1013 1537 1209 1586 bibiriam,
1241 1551 1343 1592 quac
1359 1537 1655 1578 Zibellinarum
1676 1550 1771 1576 vera
1787 1549 1853 1587 pa-

324 1598 397 1640 tria
425 1596 491 1645 est,
524 1595 725 1637 Martibus
750 1608 788 1635 et
804 1593 955 1643 Foynis
979 1607 1125 1634 carere.
1189 1593 1296 1635 Hinc
1316 1608 1399 1638 non
1421 1594 1498 1635 line
1516 1595 1668 1634 ratione
1692 1592 1852 1633 Zibelli·

325 1668 417 1695 nam
444 1667 518 1707 pro
544 1653 732 1692 varietate
760 1651 940 1699 haberes,
969 1649 1038 1690 nili
1060 1651 1103 1690 in
1123 1650 1528 1693 Verchoturiensibus
1555 1650 1673 1705 sylvis
1699 1650 1853 1690 Martes

324 1710 533 1752 Zil)ellinis
559 1709 768 1749 immixrae
793 1720 1045 1760 caperentur,
1084 1718 1122 1747 et
1148 1708 1187 1747 in
1216 1707 1400 1749 betuletis
1428 1722 1592 1763 quoque
1622 1707 1854 1762 provinciae

323 1766 496 1808 lseteniis
514 1766 599 1806 satis
616 1762 849 1818 frequentes
870 1763 1002 1811 effem,
1032 1763 1325 1819 posteriorique
1348 1766 1389 1804 in
1414 1766 1581 1819 regione
1605 1765 1725 1804 eti-im
1745 1763 1852 1803 Mar-

324 1836 382 1865 tes
399 1821 611 1863 rariuseule
629 1820 922 1869 obstrvaretur,
955 1819 1046 1860 licet
1064 1819 1216 1874 pejores
1233 1822 1287 1861 ibi
1307 1822 1362 1861 cis
1396 1821 1638 1862 uralensibus
1682 1819 1853 1873 praeser-

325 1882 397 1922 tim
421 1879 628 1920 celebratis
652 1875 869 1918 Ufenfibus
919 1899 960 1905 —
1033 1875 1195 1920 Deinde
1229 1878 1277 1918 ad
1309 1877 1556 1930 superiorem
1583 1875 1789 1930 Jeniseam
1815 1887 1852 1916 et

324 1937 498 1978 Altaicas
523 1935 642 1988 alpes,
674 1933 857 1987 adeoque
880 1933 925 1976 vin
950 1932 1047 1973 locis
1073 1934 1251 1974 maxime
1271 1933 1507 1974 australibus
1535 1933 1715 1981 Sibiriae‚
1747 1932 1851 1972 inter

324 1992 446 2049 pelles
462 1991 756 2033 Zibellinarum
783 1990 897 2031 titulo
923 2001 1054 2043 captas
1073 1990 1222 2038 inveni,
1250 1989 1343 2030 licet
1361 1990 1562 2040 raritsime,
1596 1990 1737 2029 Martis
1759 2002 1850 2029 exu-

324 2052 420 2099 vias,
464 2047 620 2088 mmula
652 2046 768 2101 gulae
800 2045 915 2087 rutila
936 2058 977 2085 et
1002 2045 1253 2099 longitudine
1287 2046 1397 2086 simul
1431 2046 1579 2087 caudae
1610 2060 1630 2085 a
1654 2045 1852 2085 Zibcllina

326 2108 412 2148 latis
446 2103 664 2152 distinctas,
711 2103 801 2143 licet
839 2101 1107 2156 pulcritudine
1143 2103 1297 2144 velleris
1330 2102 1546 2144 Zibellinas
1580 2099 1735 2156 pejores
1769 2101 1851 2146 eius

327 2162 502 2218 regionis
522 2174 617 2201 vere
636 2159 882 2210 antecellant,
899 2158 1074 2214 ideoque
1089 2173 1111 2200 a
1125 2172 1366 2201 venatorum
1385 2159 1508 2214 vulgo
1527 2159 1643 2214 plane
1661 2158 1849 2209 distin-gui

1765 2227 1848 2255 non
