2032 2732
630 204 814 261 Qu&
933 205 953 259 (
1009 204 1069 252 26
1123 208 1145 258 )
1261 204 1445 261 Qui&

759 453 1343 541 SPHYNX

573 592 1525 660 PROSERPINA

375 817 404 845 n
417 799 557 844 media
577 800 825 850 Germania,
889 799 1098 844 raesertim
1123 801 1230 843 ci'rca
1252 798 1577 843 Francofurtum·
1601 799 1656 844 ad
1675 799 1802 843 Moe*

431 873 548 908 num,
573 857 732 902 habitat
750 858 828 901 rari
859 873 944 900 nna
959 857 1112 901 haecce
1131 858 1176 901 ἀ
1194 855 1432 901 ευᾶοτίὺυε
1452 854 1609 899 indicia
1630 856 1797 915 species,

433 931 540 975 quae
556 914 700 969 habitu
725 915 770 958 ἀ
794 914 927 973 figura
944 916 1100 957 alarum
1125 915 1331 963 eundem,
1371 929 1467 956 cum
1491 913 1702 973 Sphynge
1730 916 1798 956 Ti-

294 974 394 1019 liae,
426 975 610 1025 ocellata,
643 974 769 1015 Nerii
784 984 908 1031 atque
924 974 1118 1028 Populea,
1147 973 1190 1014 in
1209 970 1377 1015 censum
1393 971 1587 1014 collocari
1603 984 1798 1015 meretur.

292 1030 395 1075 Vidi
415 1028 625 1073 Infectam
649 1030 760 1088 apud
782 1044 1013 1088 perpaucos
1037 1028 1356 1088 Pl1yfi0philos;
1393 1030 1586 1078 iconem,
1620 1031 1691 1088 qui
1712 1029 1798 1072 duo

291 1086 473 1146 poffidet
486 1091 572 1141 ejus
593 1086 615 1130 s
638 1088 839 1138 ecimina,
872 1088 1200 1129 communicavit
1218 1086 1334 1145 supra
1351 1086 1538 1128 laudatus
1564 1087 1643 1128 Cel.
1667 1087 1797 1130 Μευ-

293 1159 455 1188 scffl-:N
477 1145 534 1188 de
546 1144 591 1187 hi
625 1147 715 1187 oria
726 1144 900 1187 naturali
915 1145 1088 1202 egregie
1104 1145 1287 1186 meritus.
1347 1143 1420 1186 De
1436 1144 1577 1187 Larva
1594 1155 1735 1186 tamen
1752 1142 1798 1185 δε

293 1205 382 1255 ejus
403 1203 516 1268 yitae
537 1217 719 1262 genere,-
745 1202 970 1262 plantaque
991 1203 1058 1244 cui
1079 1199 1249 1245 addieka
1268 1201 1344 1251 est,
1381 1200 1526 1244 rescire
1549 1199 1652 1244 nihil
1675 1202 1804 1260 plane

293 1271 427 1318 potm⁹

699 1354 1415 1408 DESCRIPTIO

398 1436 922 1505 SPHFNGIS
981 1435 1700 1503 PROSERFINAE„

851 1535 962 1585 Tab.
987 1536 1053 1584 Π.
1093 1536 1202 1601 Fig.
1226 1550 1270 1598 7,

295 1601 576 1684 Mgnitudo
601 1624 694 1684 Sph
728 1626 827 1684 ngis
846 1625 1049 1674 Porcelli;
1098 1623 1233 1685 figura
1255 1639 1363 1671 vero
1384 1625 1431 1669 ἀ
1462 1625 1607 1669 colore
1626 1625 1798 1685 Sphyn-

295 1702 398 1746 gem
414 1685 555 1728 Tiliae
574 1698 696 1727 aemu
737 1695 815 1726 tur.

414 1743 565 1797 Corpus
582 1752 720 1784 totum
735 1739 924 1783 exsolete‘
939 1740 1097 1790 viride,
1124 1738 1263 1785 subtus
1280 1740 1497 1800 pedesque·
1510 1740 1706 1785 albidum.

409 1801 515 1842 Alae
525 1800 752 1854 primariae
768 1796 921 1847 erosae,
949 1797 1068 1856 supra
1085 1797 1239 1857 gryseo
1257 1797 1492 1847 exalbidae,
1521 1798 1675 1856 postice
1692 1799 1798 1841 vire-

297 1857 470 1905 scentes,
499 1855 619 1898 fascia
630 1856 674 1897 in
688 1856 831 1899 medio
846 1854 1075 1899 transversa
1086 1855 1257 1900 obscure
1269 1856 1405 1905 viridi,
1431 1855 1665 1899 extrorsum
1681 1857 1798 1898 latio·

297 1931 357 1965 re,
372 1911 617 1973 puntstoque
631 1913 774 1956 lunato
793 1923 884 1956 atro
898 1925 1053 1956 notata.
1089 1915 1358 1957 Seczmdariae
1372 1912 1545 1957 saturate
1559 1914 1708 1963 luteae,
1739 1913 1799 1956 fa·

297 1974 377 2018 scia
392 1971 610 2030 marginali
625 1982 711 2014 atra
721 2003 733 2020 ,
761 1971 816 2014 ad
832 1971 1030 2029 angulum
1046 1972 1114 2013 ani
1130 1970 1423 2016 obsolescente.
1483 1972 1632 2013 Sub-tus
1648 1986 1797 2014 omnes

297 2031 689 2078 viridi-olivaceae‚
726 2027 986 2071 secundariae
1009 2027 1129 2071 fascia
1150 2030 1236 2072 inte
1269 2044 1314 2072 ra
1336 2027 1448 2076 alba,
1485 2030 1687 2087 primariis
1709 2041 1796 2071 tan·

297 2101 390 2133 tum
406 2085 545 2130 versus
567 2087 804 2145 marginem
825 2084 1058 2131 craffiorem
1081 2100 1214 2145 expre
1247 2103 1292 2138 a,
1331 2087 1503 2131 interius
1524 2085 1665 2132 versus
1684 2084 1797 2131 bafin

298 2157 528 2204 occupante
545 2143 767 2188 fuscedine„

1544 2199 1749 2246 SPHYN
1750 2201 1797 2245 X
