2032 2732
528 248 743 309 ,Qw
861 249 1071 301 (33)
1187 247 1371 304 Qffl

217 349 317 392 dere
328 362 414 389 non
429 342 606 405 possum,
623 343 720 403 quia
736 341 961 400 specimina
978 340 1170 400 praesens
1189 342 1418 387 describere
1434 346 1722 403 neglexeram,

217 405 262 449 ἃ
290 407 432 447 icones
460 401 615 446 absenti
635 398 775 443 missae
800 398 979 442 fuerunt.
1055 399 1120 442 Ita
1144 412 1288 444 tamen
1313 400 1548 460 perspicuae
1569 401 1659 447 sunt
1680 403 1725 447 dc

216 475 405 506 naturam
425 460 690 519 exprimunt,
715 471 760 500 ut
777 456 1053 516 descriptione
1071 458 1149 501 vix
1167 474 1273 516 opus
1287 459 1368 502 esse
1382 461 1583 503 videatur.

224 548 227 550 -
333 521 496 573 Harpae
514 519 658 573 nobilis
672 516 827 564 (Edele
842 515 995 573 Harp.)
1013 514 1084 558 sub
1103 517 1224 559 titulo
1243 532 1267 559 a
1283 518 1420 576 Belgii
1438 517 1604 562 curiofis
1632 534 1728 563 cato

218 578 368 621 emitur
383 574 722 619 BUCCINUM
735 574 851 634 quod
870 574 1161 626 Geueaefianum
1182 574 1414 631 appellabo,
1432 581 1629 636 cujusque
1643 579 1731 620 ico-

217 650 317 678 nem
340 635 437 676 Tala
454 634 528 676 III.
544 632 706 676 nostrae
713 634 791 689 fig.
814 648 848 675 1.
876 631 1107 687 &secunda
1131 629 1327 674 exhibet.
1363 633 1496 676 Testa
1513 636 1621 677 intus
1640 636 1726 693 pul-

216 692 423 735 cherrime
447 692 869 750 purpureo-violacea
885 687 965 733 esse
981 687 1084 732 solet
1094 722 1106 738 ‚
1121 702 1249 732 extus
1264 705 1369 733 vero
1388 692 1539 790 prysea
1552 692 1728 749 praefer<

215 751 292 792 tim
308 751 349 792 in
365 748 619 793 membranis
629 749 835 792 undulatis
852 748 1012 791 &circa
1027 747 1175 806 spiram
1192 749 1235 790 in
1254 749 1394 790 auricu
1411 763 1454 791 as
1465 748 1725 799 ediielzisdm-

214 806 412 852 bricatim·
422 806 574 866 positis.
633 808 748 850 Inter
768 807 1037 851 membranas
1055 804 1288 864 superficies
1304 806 1431 850 testae
1449 807 1667 858 undulata,
1683 809 1729 853 &

217 864 411 924 depreffis
431 866 553 913 locis,
578 863 651 908 ubi
666 867 851 915 tenuior,
881 865 1092 908 violaceus
1114 865 1232 907 color
1257 866 1383 908 etiam
1404 877 1582 909 externe
1599 879 1729 911 trans-

217 924 348 972 lucet,
380 924 496 983 quod
515 923 568 967 de
584 922 879 984 spiraquoque
900 923 1166 966 monendum
1189 922 1263 972 est.
1334 923 1514 983 Reliqua
1545 925 1643 968 icon
1668 927 1728 968 lo-

246 995 365 1024 u1tur;
1336 1014 1339 1015 ν

217 996 245 1041 q
330 1040 554 1083 Buccmum
579 1043 777 1082 monodon
794 1038 984 1083 Tabulae
1011 1039 1173 1083 nostrae
1199 1042 1326 1082 tertia
1344 1052 1569 1098 quartaque
1581 1042 1729 1098 figura

218 1096 454 1153 expressum
465 1130 475 1142 ‚
499 1113 522 1136 e
539 1097 676 1136 Gallia
692 1099 829 1151 primo
845 1097 1013 1140 curiosls
1027 1099 1231 1147 innotuit,
1250 1097 1295 1140 ἀ
1310 1098 1586 1141 Americanae
1602 1102 1726 1159 origi-

217 1154 301 1201 nis,
318 1153 380 1194 uti
395 1153 612 1194 Buca-eman
630 1151 946 1201 Gezterlicmmn‚
970 1148 1052 1194 esse
1067 1150 1207 1194 fertur.
1267 1152 1381 1196 Galli
1399 1155 1727 1200 Monocerotem

218 1210 476 1269 appellarunt
494 1210 555 1265 (la
571 1209 757 1263 Licorne)
774 1221 948 1267 propter
964 1207 1122 1267 spinam
1144 1207 1372 1252 subulatam
1397 1226 1533 1269 prope
1549 1214 1724 1258 caudam

218 1283 278 1311 ex
294 1269 492 1310 interiore
507 1278 623 1323 parte
639 1264 735 1308 labii
752 1265 921 1325 oblique
938 1264 1158 1314 exsertam,
1177 1281 1282 1324 quae
1298 1266 1394 1309 huic
1410 1268 1535 1311 testae
1551 1268 1724 1328 singula«

219 1341 310 1369 rem
330 1324 620 1368 characterem
648 1323 834 1381 praebet.
903 1325 1019 1366 Color
1042 1328 1127 1378 ejus
1151 1325 1261 1366 intus
1281 1324 1400 1367 ‘albus
1430 1325 1508 1376 est,
1539 1331 1725 1372 exterius

220 1382 392 1442 gryseus
407 1415 417 1431 ‚
444 1382 602 1425 eodem
624 1380 713 1424 fere
734 1383 867 1425 modo
884 1383 1142 1441 variegatus,
1171 1395 1218 1424 ut
1237 1384 1280 1425 in
1300 1384 1471 1426 Buccino
1484 1387 1642 1440 pezssco,
1660 1389 1726 1432 cui

218 1453 308 1483 tota
323 1440 458 1483 forma
475 1439 518 1482 ἃ
538 1437 708 1482 craffitie
726 1440 851 1483 testae
873 1455 1043 1500 quoque
1062 1438 1267 1498 persimile
1283 1441 1466 1484 nostrum
1481 1442 1551 1486 est.

336 1499 487 1541 Tvmzo
505 1498 741 1553 principalis
769 1496 996 1541 exhibetur
1014 1498 1165 1554 figura
1184 1514 1214 1548 5
1242 1498 1288 1541 <xc
1313 1507 1350 1542 6.
1382 1496 1515 1543 affinis
1552 1503 1728 1546 Turbini

216 1557 363 1613 [Balari
380 1554 685 1600 eCuriosorum
703 1555 901 1598 ditiorum
915 1555 1127 1598 dementia
1144 1554 1304 1599 famoso
1314 1555 1442 1601 facto.
1486 1558 1578 1617 lpse
1597 1561 1726 1604 rarior

220 1613 265 1656 ἀ
281 1614 412 1656 carior
427 1612 604 1657 habetur
617 1612 750 1662 solito,
777 1628 801 1656 a
817 1628 902 1672 quo
923 1612 997 1655 nisl
1014 1614 1166 1656 minori
1183 1612 1352 1657 craffitie
1368 1614 1412 1657 ἀ
1429 1614 1572 1659 suturis
1589 1617 1723 1677 longi-

218 1669 469 1714 tudinalibus
486 1671 577 1729 plus
591 1671 719 1729 duplo
735 1670 1101 1719 numerosioribus,
1119 1672 1195 1713 vix
1210 1671 1346 1715 differt
1356 1688 1367 1720 ;
1395 1674 1512 1716 color
1527 1676 1652 1718 etiam
1677 1689 1725 1720 ut

221 1730 276 1772 illi
294 1729 408 1772 albus
419 1761 428 1777 ‚
442 1728 544 1772 testa
556 1740 700 1771 tenera
715 1728 761 1772 ἁ
778 1726 1052 1772 Anfrafflbus
1076 1728 1237 1780 solutis,
1264 1746 1342 1789 per
1365 1729 1467 1774 solas
1488 1731 1640 1776 suturas
1655 1749 1724 1777 co·

220 1785 487 1830 haerentibus
510 1785 718 1829 notabilis.
1349 1787 1351 1789 ’

333 1844 532 1903 Superest
555 1844 740 1887 insolitae
761 1842 924 1888 formae
945 1844 1201 1889 Testaceum
1224 1846 1373 1903 figuris
1396 1862 1436 1902 7.
1456 1846 1501 1889 &
1521 1860 1557 1894 8.
1576 1848 1723 1892 descri-

219 1913 357 1961 ptum,
389 1903 508 1961 quod
535 1901 823 1946 HELICEM
852 1904 1142 1959 Lyonetimmm
1175 1919 1234 1946 ex
1263 1906 1439 1947 nomine
1472 1906 1727 1951 Celeberrimi
1786 1913 1788 1916 “

219 1961 456 2015 Phystophili
468 1960 515 2002 ἀ
537 1961 800 2018 Testaceologi
818 1961 989 2018 Hagam'
997 1961 1041 2004 P.
1051 1961 1229 2004 LVONET
1239 1963 1444 2020 appellare
1460 1963 1593 2006 liceat.
1651 1965 1725 2008 Et-

223 2019 339 2061 enim
359 2018 401 2059 in
424 2020 505 2071 ejus
529 2017 660 2061 solum
692 2019 737 2061 dc
757 2019 1025 2063 GEVERSJANO
1048 2020 1193 2076 mustis
1211 2018 1413 2063 ditissimis
1438 2021 1599 2065 exstare
1624 2024 1721 2067 vidi.

231 2077 343 2130 Tfss's’
358 2087 446 2118 tota
460 2074 551 2118 alba
567 2076 643 2125 est,
660 2074 751 2119 satis
765 2076 929 2121 robusta
939 2110 948 2128 ,
974 2090 1101 2120 extus
1122 2078 1271 2126 nitida,
1288 2076 1576 2123 oblbletiffnne
1591 2080 1725 2125 striata

223 2133 268 2176 &
288 2129 467 2191 parvulis
484 2133 594 2190 quasi
609 2133 919 2178 contusionibus
935 2135 1173 2195 inaequalis.
1231 2136 1352 2191 spira
1374 2139 1517 2180 turrita
1525 2170 1536 2184 ,
1566 2140 1722 2189 conica,

224 2190 385 2241 obtusa,
409 2190 532 2249 plane
559 2206 648 2234 non
672 2190 910 2250 compreffa.
985 2192 1074 2236 Sed
1100 2189 1308 2236 anfractus
1330 2192 1508 2239 basilaris
1532 2197 1723 2254 amplior,

971 2250 1012 2294 E
1411 2272 1414 2273 ⁷
1610 2254 1721 2314 quasi
