2032 2732
548 272 729 332 Qffl
850 274 1056 328 (13)
1173 273 1353 333 '‘³³19ss

201 372 360 415 Matres
385 371 593 429 fugientes
619 383 752 427 agnos
781 379 876 411 ante
901 366 941 410 se
967 370 1247 426 compellunt,
1315 371 1356 412 ui
1373 370 1545 413 celerius
1560 366 1702 413 ‘matre

202 430 420 487 trepidant.
479 427 602 478 Quae
623 426 793 484 quidem
811 427 953 467 omnia
967 426 1180 470 instintstus
1200 427 1300 471 nobi
1318 430 1415 471 ioris
1431 428 1701 471 momentain

201 488 355 530 eodem
370 485 534 528 animali
552 483 781 527 domestico
801 480 914 526 fa-sto
932 482 1073 526 frustra
1096 499 1280 544 quaeras.

316 544 607 586 STELLERUS
637 542 750 584 varia
770 542 876 582 circa
891 542 1161 584 venationem
1178 542 1296 595 hujus
1313 543 1500 586 animalis
1526 558 1549 586 a
1573 541 1702 585 Kam-

201 600 415 645 tl'chadalis
440 612 609 658 accepta
642 600 684 641 in
716 599 976 654 Advezffiriz's
1008 598 1289 656 consignavit,
1330 615 1437 661 quae
1477 601 1561 643 hoc
1592 600 1702 650 loco,

201 659 413 717 qualiacun
444 672 496 700 ue
513 656 607 705 sint,
638 656 789 698 adferri
804 668 1027 698 merentur,
1045 682 1102 687 —
1161 657 1347 707 Quando
1367 671 1544 700 venator
1568 673 1703 715 vagus

200 718 242 758 in
263 672 528 774 conspegtam
547 716 710 758 eminus
730 715 789 758 Ar
823 714 902 756 alin
922 714 1076 756 emittit
1092 727 1238 763 cane&
1276 715 1343 756 illa
1365 717 1576 757 venatoris
1597 716 1700 759 obli-

200 787 240 816 ta
256 789 342 815 non
363 773 494 816 statim
513 773 655 831 fugam
683 774 796 829 capel
815 770 868 820 it,
897 770 965 814 sed
985 771 1117 813 modo
1139 787 1214 830 per
1237 772 1394 831 aliquot
1415 770 1546 829 passus
1573 772 1701 815 desul-

199 844 310 879 tans‚
345 831 510 873 alternis
537 829 698 872 vicibus
725 829 911 878 substitit,
943 827 1228 889 oppositisque
1254 828 1447 873 cornibus
1470 844 1566 872 cum
1599 844 1702 873 cane

198 901 379 947 pugnat,
417 887 469 930 fic
491 886 634 930 sensun
656 889 696 929 in
723 888 812 929 loca
835 889 947 929 invia
976 887 1234 934 concedens-33
1265 887 1366 929 dum
1393 888 1558 930 interim
1575 902 1702 930 vena-

198 948 279 989 tori
311 945 484 1004 spatium
523 946 642 988 datur
669 945 895 987 accedendi
934 945 1106 1002 propius
1147 943 1190 986 ἀ
1226 945 1379 987 animal
1413 944 1597 1003 sclopeto
1631 945 1702 988 vel

196 1002 352 1061 sagittis
378 1003 608 1046 occidendi.
694 1007 710 1052 (
734 1002 924 1045 Similem
968 1002 1219 1059 disceptandi
1274 1017 1440 1045 morem
1487 1004 1613 1045 etiam
1646 1003 1700 1045 la-

197 1063 368 1119 nigerae
410 1061 571 1103 nostrae
622 1060 803 1116 pecudes
814 1073 827 1108 ‚¹
869 1058 1105 1117 praelertim
1148 1061 1315 1103 Arietes
1363 1059 1545 1108 servant,
1599 1060 1702 1103 dum

196 1133 221 1160 a
238 1118 406 1161 canibus
424 1116 778 1172 inseetantur.)—
837 1118 990 1160 Narrat
1008 1119 1128 1159 item:
1159 1118 1392 1160 Venator-es
1405 1119 1579 1176 Arg-alin
1599 1133 1700 1161 exa-

197 1178 378 1233 gitantes
413 1175 656 1235 aliquando,
693 1175 793 1216 dum
826 1174 911 1232 ipso
936 1175 1048 1216 cursu
1073 1175 1292 1217 distentum
1324 1176 1476 1217 animal
1505 1191 1592 1217 non
1626 1178 1713 1218 cir-

199 1234 431 1291 cuml'picit,
457 1247 537 1290 qua
558 1230 720 1289 possunt
744 1232 927 1289 agilitate
953 1230 1206 1289 superiorem
1231 1232 1389 1275 vestem
1417 1232 1635 1275 detrahere
1653 1233 1699 1275 <35

197 1291 240 1333 in
257 1290 437 1348 scipione
454 1289 680 1348 suspensam
698 1290 870 1332 statuere
897 1289 1120 1347 conspicuo
1144 1290 1264 1339 loco,
1294 1305 1419 1348 quam
1446 1290 1543 1333 dein
1568 1291 1699 1333 conti-

198 1364 283 1390 nuo
299 1349 470 1390 miratur
486 1348 659 1394 animal,
688 1348 929 1407 pigriusque
954 1345 1239 1405 senfimfugit,
1271 1362 1380 1390 neve
1398 1349 1568 1406 propius
1582 1348 1698 1391 adre-

196 1418 368 1463 pentem
392 1420 640 1449 venatorem
665 1404 795 1447 sentit.
812 1431 869 1436 —-
928 1405 1137 1448 Omnium
1161 1405 1377 1448 facillimus
1399 1406 1579 1449 venandi
1610 1421 1699 1448 mo-

198 1463 293 1511 dus,
325 1479 409 1522 quo
432 1463 610 1520 gentiles
636 1460 777 1520 passim
803 1464 929 1505 etiam
953 1463 1006 1505 ad
1032 1463 1109 1504 alia
1135 1464 1329 1505 animalia
1354 1475 1542 1512 utuntur,
1574 1465 1608 1507 is
1626 1463 1697 1512 est,

199 1533 244 1563 ut
268 1536 384 1562 arcus
410 1523 517 1563 circa
546 1522 730 1562 tramites
754 1520 946 1569 statuant,
985 1519 1101 1562 tenso
1124 1520 1240 1579 supra
1263 1520 1435 1579 vestigia
1457 1518 1529 1563 filo
1548 1521 1697 1579 explo-

199 1578 383 1626 dendos,
418 1578 486 1620 vel
503 1579 545 1619 in
564 1578 767 1635 angustias
791 1590 1104 1636 praeruptarum
1129 1579 1397 1622 Convallium
1412 1610 1422 1626 ,
1447 1577 1518 1621 ubi
1545 1578 1696 1621 slmiles

198 1633 414 1678 firmarunt
450 1635 711 1693 Catapultas‚
766 1636 935 1678 canibus
976 1637 1230 1692 compellant
1280 1635 1498 1693 Argalides
1538 1634 1696 1678 infidia-

199 1709 291 1734 rum
308 1694 548 1751 ignaras.—
604 1692 749 1735 Refert
780 1708 907 1750 porro
933 1692 1213 1749 (verissimel,
1249 1694 1290 1735 in
1315 1705 1487 1750 argutos
1513 1691 1635 1752 saepe
1651 1693 1697 1736 <Sc

199 1751 383 1808 undique
406 1763 650 1809 praeruptos
679 1751 869 1808 scopulos
900 1750 1062 1794 saltibus
1095 1751 1275 1794 evadere
1297 1751 1472 1799 animal,
1504 1750 1577 1794 ubi
1607 1763 1695 1794 ran-

133 1832 140 1833 *
200 1823 325 1866 quam
344 1810 385 1849 in
401 1808 563 1850 castello
582 1807 765 1861 securum
785 1809 1136 1851 circumlatrantes
1157 1824 1216 1852 ex
1241 1808 1436 1851 inferiore
1454 1809 1549 1851 loco
1572 1823 1696 1852 canes

198 1864 370 1923 spernit,
399 1865 534 1907 donec
547 1866 778 1908 adventans
795 1878 972 1910 venator
988 1865 1167 1924 sclopeto
1177 1868 1342 1910 eminus
1363 1867 1580 1926 adtingere
1596 1867 1697 1910 illud

199 1935 342 1980 queat,
389 1923 486 1964 loco
523 1921 679 1982 saepius
708 1925 762 1965 ita
793 1921 1014 1972 inaccesso,
1063 1936 1108 1966 ut
1139 1923 1274 1966 occiso
1304 1926 1430 1982 potiri
1460 1941 1545 1967 non
1563 1926 1695 1968 liceat.

200 1981 296 2022 Suis
314 1979 352 2022 fe
372 1979 513 2022 vidisse
532 1984 684 2029 oculis,
716 1981 903 2030 testatur,
936 1982 1107 2040 Argalin
1124 1980 1359 2039 fugientem
1384 1984 1424 2024 in
1451 1995 1698 2042 praeruptos

199 2037 385 2079 tramites
417 2040 472 2078 ita
501 2053 631 2081 coeco
664 2040 824 2097 impetu
854 2039 1032 2082 delatam
1067 2038 1254 2090 haesisse,
1297 2053 1341 2082 ut
1364 2056 1502 2106 neque
1525 2044 1694 2085 circum-

198 2095 349 2153 agendi
374 2092 562 2154 seneque
581 2095 754 2154 pedibus
767 2097 931 2154 paribus
946 2096 1153 2141 insistendi
1167 2098 1282 2141 locus
1297 2102 1379 2151 jam
1399 2097 1497 2142 elset
1512 2132 1522 2148 ‚
1554 2101 1598 2142 <Sa
1615 2099 1698 2141 ani-

199 2158 281 2194 na}
300 2151 471 2208 i'cnpulis
498 2167 648 2210 corpus
675 2154 925 2215 aliquamdiu
943 2156 1168 2204 acclinans,
1199 2156 1392 2217 quasique
1407 2159 1595 2215 pendens
1613 2168 1697 2197 tan-

200 2211 298 2252 dem
322 2213 362 2252 in
387 2224 585 2267 praeceps
608 2225 755 2255 rueret.
823 2214 961 2270 Saepe
987 2212 1206 2259 horrendis
1232 2213 1396 2267 saltibus
1420 2214 1556 2258 hiatus
1579 2227 1699 2270 rupe-

916 2271 952 2314 B
986 2285 1007 2322 3
1599 2270 1698 2314 stres
