2032 2732
553 214 734 272 *xe-<affl
853 215 1065 270 (15)
1179 213 1363 272 ”³⁴20st

211 330 298 359 nuo
320 313 404 358 fine
423 313 540 373 gyris
559 309 716 358 transit,
743 310 786 351 in
812 310 1022 352 anteriore
1052 311 1277 368 capacitate
1302 308 1547 354 inordinatis
1567 309 1710 363 anfra-

212 375 340 416 &ibm
356 371 630 420 convoluitur‚
643 381 767 426 atque
782 369 822 409 in
840 382 966 410 mmm
978 400 989 417 ‚
1018 370 1143 426 paulo
1160 382 1256 412 ante
1274 370 1509 427 marginem
1533 367 1714 426 vaginae

211 430 411 474 viscerum
432 429 641 476 hiantem,
678 424 842 477 definit,
880 424 995 469 fa6³co
1021 428 1133 484 prius
1157 426 1305 470 secessu
1332 426 1562 475 veficulari,
1586 424 1709 468 instar

212 490 389 531 cloacae.
483 484 555 529 Ab
580 484 812 543 oesophago
843 484 896 526 ad
922 499 1055 543 gyros
1080 482 1244 543 spirales
1272 485 1451 544 posticos
1473 499 1605 544 usque
1630 484 1710 527 vix

210 548 435 605 quidquam
454 544 689 586 continetur
707 541 920 591 intestino,
935 543 1033 586 inde
1050 558 1154 586 vero
1171 555 1307 586 totum
1327 542 1631 587 refertiffimum
1653 540 1712 585 est

210 617 333 647 arena
357 600 512 662 grossa,
539 601 741 650 calcat-ea,
771 601 947 645 candida
971 616 995 644 e
1017 602 1195 644 coralliis
1226 615 1350 660 atque
1386 602 1572 646 testaceis
1593 616 1708 644 com·

210 662 379 704 minutis
406 658 535 709 facta,
565 675 647 721 qua
672 660 790 703 Mare
814 659 1113 703 Americanum
1139 659 1333 703 abundat.
1395 661 1546 709 (Unde
1564 661 1709 702 denuo

207 731 380 777 apparet
411 733 571 761 meram
601 731 755 761 terram
786 717 883 761 huic
917 733 1088 779 quoque
1105 717 1329 767 Mollusco‚
1356 720 1416 761 uti
1441 719 1582 761 multis
1606 718 1707 766 aliis,

238 793 285 819 ro
302 778 559 819 nutrimento
582 775 691 830 effe.)
718 776 758 819 E
786 778 1009 819 tenerrima
1026 775 1270 820 membrana
1293 776 1481 819 constant
1505 776 1707 824 intestina,

205 791 368 894 filisque
397 834 674 883 mollioribus,
703 833 1014 878 verofimillime
1045 834 1281 885 vasculofis,
1326 834 1481 894 sparsis,
1513 834 1707 883 anterius,

206 894 396 936 maxime
412 908 545 951 prope
564 908 637 935 cor
652 891 912 936 creberrimis
923 925 933 941 ,
962 898 1219 951 tegumentis
1244 895 1478 952 adligantur
1492 889 1648 951 pass'lm.

323 949 412 994 Sub
430 950 548 995 recto
564 950 756 994 intestino
773 951 817 993 ἀ
837 950 952 1009 supra
968 951 1243 1011 oesophagum
1260 954 1301 994 in
1318 950 1404 1010 ipso
1415 953 1706 1008 vaginaemar·

206 1009 306 1067 gine
326 1024 392 1051 cor
408 1008 585 1066 positum
607 1009 682 1058 est,
702 1009 929 1052 reniforme
947 1010 1017 1053 vel
1034 1011 1172 1067 potius
1198 1010 1442 1067 didymum,
1461 1009 1602 1055 molle,
1620 1021 1706 1049 ma·

206 1068 425 1124 gnitudine
453 1066 617 1109 seminis
645 1068 816 1116 Alceae;
854 1067 981 1125 idque
1007 1067 1156 1111 sursum
1180 1068 1222 1111 ἃ
1250 1066 1442 1111 deorsum
1466 1083 1525 1110 ex
1550 1066 1705 1110 eodem

204 1122 365 1181 puncto
395 1126 548 1166 emittit
575 1126 779 1179 vasculum
803 1124 871 1167 seu
897 1125 1012 1168 filum
1044 1127 1190 1184 capillo
1214 1126 1402 1169 humano
1427 1127 1504 1169 vix
1531 1122 1705 1172 emilius,

202 1196 279 1240 per
295 1181 464 1239 aliquod
480 1179 653 1238 spatium
670 1182 907 1238 rigidulum,
924 1182 1154 1225 subluteum
1168 1215 1177 1233 ,
1202 1200 1249 1224 ac
1267 1183 1377 1242 quasi
1393 1182 1646 1226 arteriosum.

322 1240 369 1282 ln
385 1239 561 1282 ventrali
579 1239 723 1289 latere,
755 1239 853 1282 inde
871 1254 894 1282 a
912 1255 1113 1282 mucrone
1131 1241 1285 1284 caudae
1302 1238 1560 1283 craffiuseulo
1585 1240 1705 1281 initio

204 1297 347 1354 incipit
360 1297 484 1352 filum
511 1298 730 1338 medullam
750 1296 846 1349 (litt.
866 1302 939 1350 e),
971 1299 1148 1356 vaginae
1164 1299 1367 1342 viscerum
1385 1297 1560 1342 stridfius
1583 1297 1705 1339 adna-

204 1367 316 1404 tum,
344 1356 448 1397 ultra
467 1355 644 1413 vaginae
665 1369 768 1397 vero
784 1357 1019 1413 marginem
1044 1357 1273 1400 antrorsum
1297 1356 1494 1405 liberum,
1534 1354 1706 1398 subatte-

203 1425 396 1461 nuatum,
431 1411 701 1460 nodulosum,
742 1414 998 1473 tandemque
1016 1412 1253 1458 craffiffimis
1281 1414 1501 1458 filamentis
1525 1415 1567 1456 in
1599 1412 1706 1456 tuni-

203 1485 297 1514 cam
313 1470 586 1528 proboscidis
610 1470 890 1527 granulofiim,
927 1487 950 1514 a
973 1473 1102 1516 latere
1125 1473 1361 1531 praesertim
1382 1473 1560 1516 ventrali
1583 1472 1705 1514 inler-

202 1539 313 1576 tum,
344 1528 454 1570 nulla
474 1539 613 1569 tamen
631 1527 848 1586 conspicua
867 1530 906 1571 in
933 1544 1074 1573 ramos
1093 1531 1390 1574 distributione.

317 1586 433 1628 Inter
447 1585 741 1643 proboscidem
753 1586 796 1629 ἁ*
813 1589 991 1646 vaginae
1008 1591 1243 1647 marginem
1266 1606 1289 1632 a
1302 1590 1427 1632 latere
1443 1589 1619 1632 ventrali
1637 1604 1706 1631 oc-

203 1644 327 1687 currit
342 1645 534 1703 utrinque
552 1646 721 1697 vcficulcz
739 1644 826 1687 fere
845 1647 1050 1703 pollicaris
1077 1652 1090 1700 (
1105 1649 1177 1690 litt.
1196 1648 1236 1690 h.
1256 1647 1341 1705 lm),
1364 1648 1525 1690 calamo
1548 1647 1702 1690 colum-

201 1700 303 1745 bino
318 1703 501 1750 tenuior,
533 1704 723 1761 utrinque
741 1717 879 1753 acuta,
910 1703 1162 1755 fuscescens,
1193 1720 1318 1749 extus
1335 1704 1532 1749 subtiliter
1556 1720 1704 1764 granu-

201 1759 305 1808 losa,
338 1761 447 1802 intus
467 1775 607 1803 vacua.
670 1760 949 1804 Veficularum
976 1766 1158 1807 anterior
1183 1766 1429 1808 extremitas
1455 1769 1506 1820 (ὲ
1522 1765 1703 1822 longitu-

202 1817 326 1870 dinis>
340 1819 643 1878 integumentis
667 1820 817 1861 adnata
847 1820 926 1869 est,
968 1822 1012 1865 ὅι
1037 1838 1170 1880 prope
1190 1824 1352 1880 apicem
1370 1835 1552 1865 externo
1576 1825 1703 1864 utrin-

203 1890 284 1933 que
310 1892 416 1933 poro
451 1879 531 1933 (de
567 1877 716 1937 quibus
737 1878 877 1936 supra)
901 1878 1001 1925 hiat.
1078 1880 1291 1925 Genitalia
1319 1896 1477 1940 organa
1505 1878 1586 1925 esse
1616 1895 1704 1924 non

202 1933 360 1980 dubito.

1545 2242 1701 2292 LUM=
