<?xml version="1.0" encoding="UTF-8"?>
<!DOCTYPE html PUBLIC "-//W3C//DTD XHTML 1.0 Transitional//EN"
    "http://www.w3.org/TR/xhtml1/DTD/xhtml1-transitional.dtd">
<html xmlns="http://www.w3.org/1999/xhtml" xml:lang="en" lang="en">
 <head>
  <title>
</title>
<meta http-equiv="Content-Type" content="text/html;charset=utf-8" />
  <meta name='ocr-system' content='tesseract 3.04.00' />
  <meta name='ocr-capabilities' content='ocr_page ocr_carea ocr_par ocr_line ocrx_word'/>
</head>
<body>
  <div class='ocr_page' id='page_1' title='image "./spicilegiazoolog914pall_0231.png"; bbox 0 0 2032 2732; ppageno 0'>
   <div class='ocr_carea' id='block_1_1' title="bbox 547 221 1353 280">
    <p class='ocr_par' dir='ltr' id='par_1_1' title="bbox 547 221 1353 280">
     <span class='ocr_line' id='line_1_1' title="bbox 547 221 1353 280; baseline 0.009 -6"><span class='ocrx_word' id='word_1_1' title='bbox 547 221 726 277; x_wconf 36' lang='grc' dir='ltr'><strong>περ</strong></span> <span class='ocrx_word' id='word_1_2' title='bbox 845 223 1054 274; x_wconf 78' lang='lat'>(61)</span> <span class='ocrx_word' id='word_1_3' title='bbox 1171 223 1353 280; x_wconf 36' lang='grc' dir='ltr'><strong>περ</strong></span> 
     </span>
    </p>
   </div>
   <div class='ocr_carea' id='block_1_2' title="bbox 185 314 1698 2190">
    <p class='ocr_par' dir='ltr' id='par_1_2' title="bbox 197 314 1698 606">
     <span class='ocr_line' id='line_1_2' title="bbox 202 314 1693 380; baseline 0.005 -19"><span class='ocrx_word' id='word_1_4' title='bbox 202 333 344 367; x_wconf 80' lang='lat' dir='ltr'><strong>canaS,</strong></span> <span class='ocrx_word' id='word_1_5' title='bbox 375 331 481 377; x_wconf 86' lang='lat' dir='ltr'><strong>quae</strong></span> <span class='ocrx_word' id='word_1_6' title='bbox 509 315 598 358; x_wconf 88' lang='lat' dir='ltr'><strong>sunt</strong></span> <span class='ocrx_word' id='word_1_7' title='bbox 621 314 725 356; x_wconf 79' lang='lat' dir='ltr'><strong>facie</strong></span> <span class='ocrx_word' id='word_1_8' title='bbox 749 325 915 363; x_wconf 86' lang='lat' dir='ltr'><strong>torvae,</strong></span> <span class='ocrx_word' id='word_1_9' title='bbox 950 317 1107 359; x_wconf 84' lang='lat' dir='ltr'><strong>vertice</strong></span> <span class='ocrx_word' id='word_1_10' title='bbox 1125 315 1257 367; x_wconf 91' lang='lat' dir='ltr'><strong>hirto,</strong></span> <span class='ocrx_word' id='word_1_11' title='bbox 1283 322 1470 364; x_wconf 84' lang='lat' dir='ltr'>auriculis</span> <span class='ocrx_word' id='word_1_12' title='bbox 1489 324 1693 380; x_wconf 86' lang='lat' dir='ltr'><strong>pendulis,</strong></span> 
     </span>
     <span class='ocr_line' id='line_1_3' title="bbox 200 371 1697 436; baseline 0.005 -18"><span class='ocrx_word' id='word_1_13' title='bbox 200 376 293 418; x_wconf 88' lang='lat' dir='ltr'><strong>lana</strong></span> <span class='ocrx_word' id='word_1_14' title='bbox 330 374 558 418; x_wconf 82' lang='lat' dir='ltr'>admodum</span> <span class='ocrx_word' id='word_1_15' title='bbox 583 373 696 429; x_wconf 88' lang='lat' dir='ltr'><strong>larga</strong></span> <span class='ocrx_word' id='word_1_16' title='bbox 718 371 908 430; x_wconf 85' lang='lat' dir='ltr'><strong>onustae,</strong></span> <span class='ocrx_word' id='word_1_17' title='bbox 948 373 1088 415; x_wconf 88' lang='lat' dir='ltr'><strong>caudis</strong></span> <span class='ocrx_word' id='word_1_18' title='bbox 1120 375 1325 434; x_wconf 85' lang='lat' dir='ltr'><strong>elongatis</strong></span> <span class='ocrx_word' id='word_1_19' title='bbox 1350 380 1572 436; x_wconf 84' lang='lat' dir='ltr'><strong>praeditae.</strong></span> <span class='ocrx_word' id='word_1_20' title='bbox 1639 383 1697 426; x_wconf 89' lang='lat' dir='ltr'><strong>Et</strong></span> 
     </span>
     <span class='ocr_line' id='line_1_4' title="bbox 200 428 1698 488; baseline 0.004 -12"><span class='ocrx_word' id='word_1_21' title='bbox 200 432 348 476; x_wconf 86' lang='lat' dir='ltr'><strong>harum</strong></span> <span class='ocrx_word' id='word_1_22' title='bbox 366 433 497 475; x_wconf 84' lang='lat' dir='ltr'><strong>ferme</strong></span> <span class='ocrx_word' id='word_1_23' title='bbox 513 429 662 472; x_wconf 82' lang='lat' dir='ltr'><strong>ssmiles</strong></span> <span class='ocrx_word' id='word_1_24' title='bbox 678 430 721 470; x_wconf 87' lang='lat' dir='ltr'><strong>in</strong></span> <span class='ocrx_word' id='word_1_25' title='bbox 737 428 914 472; x_wconf 85' lang='lat' dir='ltr'><strong>Ericetis</strong></span> <span class='ocrx_word' id='word_1_26' title='bbox 940 429 1212 488; x_wconf 81' lang='lat' dir='ltr'>Episcopatus</span> <span class='ocrx_word' id='word_1_27' title='bbox 1235 434 1571 480; x_wconf 78' lang='lat' dir='ltr'><strong>Monasterienfis</strong></span> <span class='ocrx_word' id='word_1_28' title='bbox 1588 439 1698 482; x_wconf 87' lang='lat' dir='ltr'><strong>Ger-</strong></span> 
     </span>
     <span class='ocr_line' id='line_1_5' title="bbox 202 487 1696 554; baseline 0.004 -20"><span class='ocrx_word' id='word_1_29' title='bbox 202 493 364 534; x_wconf 84' lang='lat' dir='ltr'>maniae</span> <span class='ocrx_word' id='word_1_30' title='bbox 381 489 482 532; x_wconf 89' lang='lat' dir='ltr'><strong>olim</strong></span> <span class='ocrx_word' id='word_1_31' title='bbox 494 487 593 537; x_wconf 90' lang='lat' dir='ltr'><strong>vidi,</strong></span> <span class='ocrx_word' id='word_1_32' title='bbox 615 502 639 529; x_wconf 91' lang='lat' dir='ltr'><strong>a</strong></span> <span class='ocrx_word' id='word_1_33' title='bbox 656 487 868 530; x_wconf 69' lang='lat' dir='ltr'><strong>flandrica</strong></span> <span class='ocrx_word' id='word_1_34' title='bbox 884 487 1006 537; x_wconf 88' lang='lat' dir='ltr'><strong>forte,</strong></span> <span class='ocrx_word' id='word_1_35' title='bbox 1039 489 1181 547; x_wconf 78' lang='lat' dir='ltr'><strong>&amp;ipsa</strong></span> <span class='ocrx_word' id='word_1_36' title='bbox 1198 494 1392 537; x_wconf 83' lang='lat' dir='ltr'><strong>exoticae</strong></span> <span class='ocrx_word' id='word_1_37' title='bbox 1417 496 1589 554; x_wconf 86' lang='lat' dir='ltr'><strong>originis</strong></span> <span class='ocrx_word' id='word_1_38' title='bbox 1615 497 1696 541; x_wconf 80' lang='lat' dir='ltr'><strong>stir—</strong></span> 
     </span>
     <span class='ocr_line' id='line_1_6' title="bbox 197 547 475 606; baseline -0.018 -14"><span class='ocrx_word' id='word_1_39' title='bbox 197 564 251 606; x_wconf 88' lang='lat' dir='ltr'><strong>pe</strong></span> <span class='ocrx_word' id='word_1_40' title='bbox 271 547 475 590; x_wconf 83' lang='lat' dir='ltr'><strong>oriundas.</strong></span> 
     </span>
    </p>

    <p class='ocr_par' dir='ltr' id='par_1_3' title="bbox 190 601 1696 1128">
     <span class='ocr_line' id='line_1_7' title="bbox 312 601 1691 661; baseline 0.006 -13"><span class='ocrx_word' id='word_1_41' title='bbox 312 605 425 648; x_wconf 89' lang='lat' dir='ltr'><strong>Cum</strong></span> <span class='ocrx_word' id='word_1_42' title='bbox 440 602 521 646; x_wconf 83' lang='lat' dir='ltr'><strong>istis</strong></span> <span class='ocrx_word' id='word_1_43' title='bbox 540 601 622 645; x_wconf 88' lang='lat' dir='ltr'><strong>sola</strong></span> <span class='ocrx_word' id='word_1_44' title='bbox 641 602 903 660; x_wconf 78' lang='lat' dir='ltr'><strong>longitudine</strong></span> <span class='ocrx_word' id='word_1_45' title='bbox 927 603 1083 647; x_wconf 88' lang='lat' dir='ltr'><strong>caudae</strong></span> <span class='ocrx_word' id='word_1_46' title='bbox 1106 609 1306 650; x_wconf 87' lang='lat' dir='ltr'><strong>convenit</strong></span> <span class='ocrx_word' id='word_1_47' title='bbox 1332 608 1493 661; x_wconf 84' lang='lat' dir='ltr'><strong>Indica,</strong></span> <span class='ocrx_word' id='word_1_48' title='bbox 1524 612 1691 655; x_wconf 80' lang='lat' dir='ltr'><strong>eadem·</strong></span> 
     </span>
     <span class='ocr_line' id='line_1_8' title="bbox 197 661 1696 723; baseline -0.002 -18"><span class='ocrx_word' id='word_1_49' title='bbox 197 678 279 723; x_wconf 85' lang='lat' dir='ltr'><strong>que</strong></span> <span class='ocrx_word' id='word_1_50' title='bbox 298 662 528 713; x_wconf 62' lang='lat' dir='ltr'><strong>Guimerfis</strong></span> <span class='ocrx_word' id='word_1_51' title='bbox 547 661 667 708; x_wconf 78' lang='lat' dir='ltr'><strong>Ovis,</strong></span> <span class='ocrx_word' id='word_1_52' title='bbox 695 676 821 721; x_wconf 89' lang='lat' dir='ltr'><strong>quam</strong></span> <span class='ocrx_word' id='word_1_53' title='bbox 853 662 1138 704; x_wconf 64' lang='lat' dir='ltr'><strong>Burromus</strong></span> <span class='ocrx_word' id='word_1_54' title='bbox 1170 664 1218 717; x_wconf 84' lang='lat' dir='ltr'><strong>(l.</strong></span> <span class='ocrx_word' id='word_1_55' title='bbox 1237 667 1299 719; x_wconf 84' lang='lat' dir='ltr'><strong>c.)</strong></span> <span class='ocrx_word' id='word_1_56' title='bbox 1327 669 1491 723; x_wconf 88' lang='lat' dir='ltr'><strong>optime</strong></span> <span class='ocrx_word' id='word_1_57' title='bbox 1517 668 1696 713; x_wconf 46' lang='lat' dir='ltr'><strong>defined.</strong></span> 
     </span>
     <span class='ocr_line' id='line_1_9' title="bbox 196 717 1695 782; baseline 0.005 -19"><span class='ocrx_word' id='word_1_58' title='bbox 196 723 276 770; x_wconf 88' lang='lat' dir='ltr'><strong>vit,</strong></span> <span class='ocrx_word' id='word_1_59' title='bbox 306 720 404 762; x_wconf 88' lang='lat' dir='ltr'><strong>alias</strong></span> <span class='ocrx_word' id='word_1_60' title='bbox 420 719 728 776; x_wconf 81' lang='lat' dir='ltr'><strong>magnitudine,</strong></span> <span class='ocrx_word' id='word_1_61' title='bbox 759 717 895 761; x_wconf 81' lang='lat' dir='ltr'><strong>forma</strong></span> <span class='ocrx_word' id='word_1_62' title='bbox 917 731 1003 761; x_wconf 91' lang='lat' dir='ltr'><strong>tota</strong></span> <span class='ocrx_word' id='word_1_63' title='bbox 1017 751 1027 767; x_wconf 96' lang='lat'>,</span> <span class='ocrx_word' id='word_1_64' title='bbox 1056 720 1227 780; x_wconf 83' lang='lat' dir='ltr'><strong>piloque</strong></span> <span class='ocrx_word' id='word_1_65' title='bbox 1247 721 1366 765; x_wconf 83' lang='lat' dir='ltr'><strong>lanae</strong></span> <span class='ocrx_word' id='word_1_66' title='bbox 1381 725 1548 782; x_wconf 75' lang='lat' dir='ltr'><strong>copiose</strong></span> <span class='ocrx_word' id='word_1_67' title='bbox 1571 728 1695 770; x_wconf 89' lang='lat' dir='ltr'><strong>inter-</strong></span> 
     </span>
     <span class='ocr_line' id='line_1_10' title="bbox 193 775 1694 851; baseline 0.005 -32"><span class='ocrx_word' id='word_1_68' title='bbox 193 778 332 824; x_wconf 82' lang='lat' dir='ltr'><strong>mixto</strong></span> <span class='ocrx_word' id='word_1_69' title='bbox 352 775 518 819; x_wconf 70' lang='lat' dir='ltr'><strong>similior</strong></span> <span class='ocrx_word' id='word_1_70' title='bbox 524 777 787 831; x_wconf 70' lang='lat' dir='ltr'><strong>steatopygis,</strong></span> <span class='ocrx_word' id='word_1_71' title='bbox 818 791 920 851; x_wconf 49' lang='lat' dir='ltr'><strong>fluas</strong></span> <span class='ocrx_word' id='word_1_72' title='bbox 935 776 1040 819; x_wconf 85' lang='lat' dir='ltr'><strong>infra</strong></span> <span class='ocrx_word' id='word_1_73' title='bbox 1064 776 1336 836; x_wconf 87' lang='lat' dir='ltr'><strong>descripturus</strong></span> <span class='ocrx_word' id='word_1_74' title='bbox 1352 779 1451 824; x_wconf 87' lang='lat' dir='ltr'><strong>sum.</strong></span> <span class='ocrx_word' id='word_1_75' title='bbox 1509 782 1567 825; x_wconf 88' lang='lat' dir='ltr'><strong>Et</strong></span> <span class='ocrx_word' id='word_1_76' title='bbox 1585 783 1694 826; x_wconf 84' lang='lat' dir='ltr'><strong>hane</strong></span> 
     </span>
     <span class='ocr_line' id='line_1_11' title="bbox 193 833 1694 900; baseline 0.005 -23"><span class='ocrx_word' id='word_1_77' title='bbox 193 835 363 894; x_wconf 87' lang='lat' dir='ltr'><strong>quidem</strong></span> <span class='ocrx_word' id='word_1_78' title='bbox 381 836 625 876; x_wconf 86' lang='lat' dir='ltr'><strong>varietatem</strong></span> <span class='ocrx_word' id='word_1_79' title='bbox 640 833 751 875; x_wconf 86' lang='lat' dir='ltr'><strong>arida</strong></span> <span class='ocrx_word' id='word_1_80' title='bbox 766 834 924 877; x_wconf 68' lang='lat' dir='ltr'><strong>deserta</strong></span> <span class='ocrx_word' id='word_1_81' title='bbox 945 834 1112 877; x_wconf 72' lang='lat' dir='ltr'><strong>Africae</strong></span> <span class='ocrx_word' id='word_1_82' title='bbox 1130 834 1200 878; x_wconf 88' lang='lat' dir='ltr'><strong>sub</strong></span> <span class='ocrx_word' id='word_1_83' title='bbox 1217 836 1496 881; x_wconf 77' lang='lat' dir='ltr'><strong>ardentissimo</strong></span> <span class='ocrx_word' id='word_1_84' title='bbox 1515 838 1599 883; x_wconf 89' lang='lat' dir='ltr'><strong>sole</strong></span> <span class='ocrx_word' id='word_1_85' title='bbox 1621 856 1694 900; x_wconf 86' lang='lat' dir='ltr'><strong>ge-</strong></span> 
     </span>
     <span class='ocr_line' id='line_1_12' title="bbox 190 891 1694 950; baseline 0.004 -15"><span class='ocrx_word' id='word_1_86' title='bbox 190 891 344 936; x_wconf 84' lang='lat' dir='ltr'><strong>nerasse</strong></span> <span class='ocrx_word' id='word_1_87' title='bbox 363 892 564 937; x_wconf 80' lang='lat' dir='ltr'><strong>videntur,</strong></span> <span class='ocrx_word' id='word_1_88' title='bbox 580 893 735 950; x_wconf 82' lang='lat' dir='ltr'><strong>quippe</strong></span> <span class='ocrx_word' id='word_1_89' title='bbox 752 891 989 947; x_wconf 85' lang='lat' dir='ltr'><strong>praesertim</strong></span> <span class='ocrx_word' id='word_1_90' title='bbox 1002 894 1044 933; x_wconf 84' lang='lat' dir='ltr'><strong>in</strong></span> <span class='ocrx_word' id='word_1_91' title='bbox 1056 891 1214 935; x_wconf 83' lang='lat' dir='ltr'><strong>Eremo</strong></span> <span class='ocrx_word' id='word_1_92' title='bbox 1231 894 1284 935; x_wconf 88' lang='lat' dir='ltr'><strong>ad</strong></span> <span class='ocrx_word' id='word_1_93' title='bbox 1306 897 1528 939; x_wconf 83' lang='lat' dir='ltr'><strong>meridiem</strong></span> <span class='ocrx_word' id='word_1_94' title='bbox 1549 899 1694 941; x_wconf 83' lang='lat' dir='ltr'><strong>Atlan-</strong></span> 
     </span>
     <span class='ocr_line' id='line_1_13' title="bbox 192 947 1695 1006; baseline 0.004 -13"><span class='ocrx_word' id='word_1_95' title='bbox 192 952 365 994; x_wconf 87' lang='lat' dir='ltr'><strong>ticarum</strong></span> <span class='ocrx_word' id='word_1_96' title='bbox 374 949 527 1006; x_wconf 89' lang='lat' dir='ltr'><strong>alpium</strong></span> <span class='ocrx_word' id='word_1_97' title='bbox 547 956 594 1003; x_wconf 73' lang='grc' dir='ltr'><strong>Ρ)</strong></span> <span class='ocrx_word' id='word_1_98' title='bbox 611 947 655 990; x_wconf 67' lang='grc' dir='ltr'><strong>ἅτ</strong></span> <span class='ocrx_word' id='word_1_99' title='bbox 672 951 713 990; x_wconf 90' lang='lat' dir='ltr'><strong>in</strong></span> <span class='ocrx_word' id='word_1_100' title='bbox 731 949 899 991; x_wconf 88' lang='lat' dir='ltr'><strong>Guinea</strong></span> <span class='ocrx_word' id='word_1_101' title='bbox 910 948 1120 992; x_wconf 87' lang='lat' dir='ltr'><strong>abundans</strong></span> <span class='ocrx_word' id='word_1_102' title='bbox 1147 954 1204 1004; x_wconf 75' lang='lat'><strong>¹1),</strong></span> <span class='ocrx_word' id='word_1_103' title='bbox 1237 952 1348 994; x_wconf 88' lang='lat' dir='ltr'><strong>unde</strong></span> <span class='ocrx_word' id='word_1_104' title='bbox 1359 955 1552 996; x_wconf 84' lang='lat' dir='ltr'><strong>tamenin</strong></span> <span class='ocrx_word' id='word_1_105' title='bbox 1567 957 1695 999; x_wconf 87' lang='lat' dir='ltr'><strong>Ame-</strong></span> 
     </span>
     <span class='ocr_line' id='line_1_14' title="bbox 191 1006 1694 1070; baseline 0.003 -19"><span class='ocrx_word' id='word_1_106' title='bbox 191 1010 320 1051; x_wconf 72' lang='lat' dir='ltr'><strong>rican]</strong></span> <span class='ocrx_word' id='word_1_107' title='bbox 337 1007 580 1049; x_wconf 87' lang='lat' dir='ltr'><strong>calidiorem</strong></span> <span class='ocrx_word' id='word_1_108' title='bbox 600 1021 771 1065; x_wconf 83' lang='lat' dir='ltr'><strong>quoque</strong></span> <span class='ocrx_word' id='word_1_109' title='bbox 795 1007 990 1049; x_wconf 86' lang='lat' dir='ltr'><strong>translata</strong></span> <span class='ocrx_word' id='word_1_110' title='bbox 1008 1006 1141 1049; x_wconf 85' lang='lat' dir='ltr'><strong>nihilo</strong></span> <span class='ocrx_word' id='word_1_111' title='bbox 1157 1021 1315 1051; x_wconf 89' lang='lat' dir='ltr'><strong>mutata</strong></span> <span class='ocrx_word' id='word_1_112' title='bbox 1332 1010 1389 1053; x_wconf 89' lang='lat' dir='ltr'><strong>est</strong></span> <span class='ocrx_word' id='word_1_113' title='bbox 1401 1042 1411 1059; x_wconf 89' lang='lat'><strong><em>‚</em></strong></span> <span class='ocrx_word' id='word_1_114' title='bbox 1447 1011 1491 1053; x_wconf 70' lang='lat' dir='ltr'><strong>&lt;Sc</strong></span> <span class='ocrx_word' id='word_1_115' title='bbox 1517 1013 1694 1070; x_wconf 88' lang='lat' dir='ltr'><strong>plerum-</strong></span> 
     </span>
     <span class='ocr_line' id='line_1_15' title="bbox 194 1063 1693 1128; baseline 0.003 -20"><span class='ocrx_word' id='word_1_116' title='bbox 194 1081 275 1126; x_wconf 86' lang='lat' dir='ltr'><strong>que</strong></span> <span class='ocrx_word' id='word_1_117' title='bbox 293 1065 502 1111; x_wconf 81' lang='lat' dir='ltr'><strong>excomis‚</strong></span> <span class='ocrx_word' id='word_1_118' title='bbox 519 1063 603 1120; x_wconf 91' lang='lat' dir='ltr'><strong>pilo</strong></span> <span class='ocrx_word' id='word_1_119' title='bbox 621 1064 852 1106; x_wconf 77' lang='lat' dir='ltr'><strong>maximam</strong></span> <span class='ocrx_word' id='word_1_120' title='bbox 863 1077 1023 1121; x_wconf 87' lang='lat' dir='ltr'><strong>partem</strong></span> <span class='ocrx_word' id='word_1_121' title='bbox 1036 1065 1130 1106; x_wconf 72' lang='lat' dir='ltr'><strong>loco</strong></span> <span class='ocrx_word' id='word_1_122' title='bbox 1147 1066 1264 1109; x_wconf 85' lang='lat' dir='ltr'><strong>lanae</strong></span> <span class='ocrx_word' id='word_1_123' title='bbox 1274 1067 1417 1110; x_wconf 86' lang='lat' dir='ltr'><strong>vestita</strong></span> <span class='ocrx_word' id='word_1_124' title='bbox 1427 1082 1693 1128; x_wconf 82' lang='lat' dir='ltr'><strong>propagatur.</strong></span> 
     </span>
    </p>

    <p class='ocr_par' dir='ltr' id='par_1_4' title="bbox 185 1121 1694 1684">
     <span class='ocr_line' id='line_1_16' title="bbox 305 1121 1694 1186; baseline 0.006 -23"><span class='ocrx_word' id='word_1_125' title='bbox 305 1124 422 1178; x_wconf 80' lang='lat' dir='ltr'><strong>Agni</strong></span> <span class='ocrx_word' id='word_1_126' title='bbox 441 1121 607 1164; x_wconf 88' lang='lat' dir='ltr'><strong>Ovium</strong></span> <span class='ocrx_word' id='word_1_127' title='bbox 632 1121 974 1178; x_wconf 84' lang='lat' dir='ltr'><strong>longicaudarum</strong></span> <span class='ocrx_word' id='word_1_128' title='bbox 1001 1121 1404 1167; x_wconf 78' lang='lat' dir='ltr'><strong>T1&#39;cherkafl&#39;1carum</strong></span> <span class='ocrx_word' id='word_1_129' title='bbox 1428 1127 1584 1170; x_wconf 86' lang='lat' dir='ltr'><strong>vellere</strong></span> <span class='ocrx_word' id='word_1_130' title='bbox 1608 1129 1694 1186; x_wconf 83' lang='lat' dir='ltr'><strong>ple-</strong></span> 
     </span>
     <span class='ocr_line' id='line_1_17' title="bbox 191 1176 1691 1236; baseline 0.003 -14"><span class='ocrx_word' id='word_1_131' title='bbox 191 1193 367 1236; x_wconf 86' lang='lat' dir='ltr'><strong>rumque</strong></span> <span class='ocrx_word' id='word_1_132' title='bbox 384 1176 681 1236; x_wconf 70' lang='lat' dir='ltr'><strong>elegantissime</strong></span> <span class='ocrx_word' id='word_1_133' title='bbox 700 1178 901 1220; x_wconf 87' lang='lat' dir='ltr'><strong>undulato</strong></span> <span class='ocrx_word' id='word_1_134' title='bbox 923 1179 991 1221; x_wconf 89' lang='lat' dir='ltr'><strong>vel</strong></span> <span class='ocrx_word' id='word_1_135' title='bbox 1009 1180 1276 1223; x_wconf 86' lang='lat' dir='ltr'><strong>circinnulato</strong></span> <span class='ocrx_word' id='word_1_136' title='bbox 1292 1181 1519 1226; x_wconf 81' lang='lat' dir='ltr'><strong>nascuntur.</strong></span> <span class='ocrx_word' id='word_1_137' title='bbox 1551 1185 1691 1235; x_wconf 84' lang='lat' dir='ltr'><strong>Quos,</strong></span> 
     </span>
     <span class='ocr_line' id='line_1_18' title="bbox 191 1234 1693 1294; baseline 0.005 -16"><span class='ocrx_word' id='word_1_138' title='bbox 191 1249 236 1280; x_wconf 90' lang='lat' dir='ltr'><strong>ut</strong></span> <span class='ocrx_word' id='word_1_139' title='bbox 262 1235 568 1294; x_wconf 84' lang='lat' dir='ltr'><strong>pulchritudine</strong></span> <span class='ocrx_word' id='word_1_140' title='bbox 591 1248 792 1293; x_wconf 81' lang='lat' dir='ltr'><strong>augeant,</strong></span> <span class='ocrx_word' id='word_1_141' title='bbox 832 1234 1046 1279; x_wconf 85' lang='lat' dir='ltr'><strong>Ueraniae</strong></span> <span class='ocrx_word' id='word_1_142' title='bbox 1070 1249 1195 1285; x_wconf 77' lang='lat' dir='ltr'><strong>atque</strong></span> <span class='ocrx_word' id='word_1_143' title='bbox 1221 1238 1426 1283; x_wconf 85' lang='lat' dir='ltr'><strong>Podoliae</strong></span> <span class='ocrx_word' id='word_1_144' title='bbox 1458 1241 1633 1285; x_wconf 86' lang='lat' dir='ltr'><strong>Rusticis</strong></span> <span class='ocrx_word' id='word_1_145' title='bbox 1649 1244 1693 1286; x_wconf 87' lang='lat' dir='ltr'><strong>in</strong></span> 
     </span>
     <span class='ocr_line' id='line_1_19' title="bbox 189 1291 1693 1355; baseline 0.004 -18"><span class='ocrx_word' id='word_1_146' title='bbox 189 1294 258 1337; x_wconf 84' lang='lat' dir='ltr'><strong>usu</strong></span> <span class='ocrx_word' id='word_1_147' title='bbox 276 1294 352 1341; x_wconf 84' lang='lat' dir='ltr'><strong>est,</strong></span> <span class='ocrx_word' id='word_1_148' title='bbox 367 1297 369 1299; x_wconf 75' lang='grc'><strong>’</strong></span> <span class='ocrx_word' id='word_1_149' title='bbox 382 1294 508 1335; x_wconf 82' lang='lat' dir='ltr'><strong>lintea</strong></span> <span class='ocrx_word' id='word_1_150' title='bbox 523 1292 635 1335; x_wconf 87' lang='lat' dir='ltr'><strong>veste</strong></span> <span class='ocrx_word' id='word_1_151' title='bbox 654 1291 827 1340; x_wconf 88' lang='lat' dir='ltr'><strong>insutos,</strong></span> <span class='ocrx_word' id='word_1_152' title='bbox 855 1294 1042 1352; x_wconf 86' lang='lat' dir='ltr'><strong>quotidie</strong></span> <span class='ocrx_word' id='word_1_153' title='bbox 1058 1294 1200 1352; x_wconf 90' lang='lat' dir='ltr'><strong>tepida</strong></span> <span class='ocrx_word' id='word_1_154' title='bbox 1214 1310 1320 1355; x_wconf 87' lang='lat' dir='ltr'><strong>aqua</strong></span> <span class='ocrx_word' id='word_1_155' title='bbox 1334 1297 1610 1355; x_wconf 81' lang='lat' dir='ltr'><strong>perfundere,</strong></span> <span class='ocrx_word' id='word_1_156' title='bbox 1636 1300 1693 1343; x_wconf 84' lang='lat' dir='ltr'><strong>la-</strong></span> 
     </span>
     <span class='ocr_line' id='line_1_20' title="bbox 189 1349 1694 1408; baseline 0.002 -12"><span class='ocrx_word' id='word_1_157' title='bbox 189 1352 335 1396; x_wconf 85' lang='lat' dir='ltr'><strong>xando</strong></span> <span class='ocrx_word' id='word_1_158' title='bbox 354 1349 525 1393; x_wconf 84' lang='lat' dir='ltr'><strong>subinde</strong></span> <span class='ocrx_word' id='word_1_159' title='bbox 541 1365 618 1408; x_wconf 90' lang='lat' dir='ltr'><strong>pro</strong></span> <span class='ocrx_word' id='word_1_160' title='bbox 637 1351 899 1393; x_wconf 85' lang='lat' dir='ltr'><strong>incremento</strong></span> <span class='ocrx_word' id='word_1_161' title='bbox 915 1351 1149 1394; x_wconf 84' lang='lat' dir='ltr'><strong>animalculi</strong></span> <span class='ocrx_word' id='word_1_162' title='bbox 1164 1352 1321 1396; x_wconf 83' lang='lat' dir='ltr'><strong>vestem</strong></span> <span class='ocrx_word' id='word_1_163' title='bbox 1332 1385 1342 1402; x_wconf 90' lang='lat'><strong>,</strong></span> <span class='ocrx_word' id='word_1_164' title='bbox 1374 1356 1431 1398; x_wconf 88' lang='lat' dir='ltr'><strong>ita</strong></span> <span class='ocrx_word' id='word_1_165' title='bbox 1448 1367 1589 1398; x_wconf 86' lang='lat' dir='ltr'><strong>tamen</strong></span> <span class='ocrx_word' id='word_1_166' title='bbox 1606 1388 1616 1405; x_wconf 90' lang='lat'>,</span> <span class='ocrx_word' id='word_1_167' title='bbox 1647 1369 1694 1400; x_wconf 91' lang='lat' dir='ltr'><strong>ut</strong></span> 
     </span>
     <span class='ocr_line' id='line_1_21' title="bbox 190 1408 1694 1471; baseline 0.003 -18"><span class='ocrx_word' id='word_1_168' title='bbox 190 1424 339 1467; x_wconf 88' lang='lat' dir='ltr'><strong>corpus</strong></span> <span class='ocrx_word' id='word_1_169' title='bbox 357 1420 451 1466; x_wconf 90' lang='lat' dir='ltr'><strong>apte</strong></span> <span class='ocrx_word' id='word_1_170' title='bbox 467 1408 645 1467; x_wconf 82' lang='lat' dir='ltr'><strong>stringat.</strong></span> <span class='ocrx_word' id='word_1_171' title='bbox 706 1408 807 1465; x_wconf 83' lang='lat' dir='ltr'><strong>Hoc</strong></span> <span class='ocrx_word' id='word_1_172' title='bbox 829 1409 962 1451; x_wconf 90' lang='lat' dir='ltr'><strong>modo</strong></span> <span class='ocrx_word' id='word_1_173' title='bbox 985 1408 1238 1452; x_wconf 89' lang='lat' dir='ltr'><strong>succrescens</strong></span> <span class='ocrx_word' id='word_1_174' title='bbox 1270 1412 1412 1468; x_wconf 88' lang='lat' dir='ltr'><strong>primis</strong></span> <span class='ocrx_word' id='word_1_175' title='bbox 1436 1413 1527 1471; x_wconf 92' lang='lat' dir='ltr'><strong>post</strong></span> <span class='ocrx_word' id='word_1_176' title='bbox 1546 1415 1694 1458; x_wconf 89' lang='lat' dir='ltr'><strong>nativi·</strong></span> 
     </span>
     <span class='ocr_line' id='line_1_22' title="bbox 188 1465 1690 1529; baseline 0.003 -19"><span class='ocrx_word' id='word_1_177' title='bbox 188 1481 318 1512; x_wconf 87' lang='lat' dir='ltr'><strong>tatem</strong></span> <span class='ocrx_word' id='word_1_178' title='bbox 333 1466 591 1523; x_wconf 86' lang='lat' dir='ltr'><strong>septimanis,</strong></span> <span class='ocrx_word' id='word_1_179' title='bbox 621 1466 822 1508; x_wconf 84' lang='lat' dir='ltr'><strong>tenellum</strong></span> <span class='ocrx_word' id='word_1_180' title='bbox 839 1467 972 1509; x_wconf 87' lang='lat' dir='ltr'><strong>vellus</strong></span> <span class='ocrx_word' id='word_1_181' title='bbox 998 1465 1290 1525; x_wconf 80' lang='lat' dir='ltr'><strong>pulcherrimis</strong></span> <span class='ocrx_word' id='word_1_182' title='bbox 1318 1471 1509 1513; x_wconf 80' lang='lat' dir='ltr'><strong>circinnis</strong></span> <span class='ocrx_word' id='word_1_183' title='bbox 1542 1487 1690 1529; x_wconf 87' lang='lat' dir='ltr'><strong>corpo-</strong></span> 
     </span>
     <span class='ocr_line' id='line_1_23' title="bbox 187 1519 1691 1586; baseline 0.003 -19"><span class='ocrx_word' id='word_1_184' title='bbox 187 1528 304 1583; x_wconf 81' lang='lat' dir='ltr'><strong>rique</strong></span> <span class='ocrx_word' id='word_1_185' title='bbox 327 1519 521 1581; x_wconf 82' lang='lat' dir='ltr'><strong>adpreffis</strong></span> <span class='ocrx_word' id='word_1_186' title='bbox 545 1536 862 1582; x_wconf 65' lang='lat' dir='ltr'><strong>contorquetur,</strong></span> <span class='ocrx_word' id='word_1_187' title='bbox 903 1526 1020 1584; x_wconf 83' lang='lat' dir='ltr'><strong>quod</strong></span> <span class='ocrx_word' id='word_1_188' title='bbox 1045 1523 1117 1567; x_wconf 86' lang='lat' dir='ltr'><strong>ubi</strong></span> <span class='ocrx_word' id='word_1_189' title='bbox 1141 1526 1194 1567; x_wconf 90' lang='lat' dir='ltr'><strong>ad</strong></span> <span class='ocrx_word' id='word_1_190' title='bbox 1210 1525 1414 1584; x_wconf 87' lang='lat' dir='ltr'><strong>speratam</strong></span> <span class='ocrx_word' id='word_1_191' title='bbox 1436 1528 1691 1586; x_wconf 82' lang='lat' dir='ltr'><strong>elegantiam</strong></span> 
     </span>
     <span class='ocr_line' id='line_1_24' title="bbox 186 1578 1691 1642; baseline 0.003 -17"><span class='ocrx_word' id='word_1_192' title='bbox 186 1582 397 1642; x_wconf 87' lang='lat' dir='ltr'><strong>pervenit,</strong></span> <span class='ocrx_word' id='word_1_193' title='bbox 426 1578 542 1623; x_wconf 88' lang='lat' dir='ltr'><strong>caeso</strong></span> <span class='ocrx_word' id='word_1_194' title='bbox 568 1595 681 1638; x_wconf 86' lang='lat' dir='ltr'><strong>agno</strong></span> <span class='ocrx_word' id='word_1_195' title='bbox 713 1582 843 1639; x_wconf 87' lang='lat' dir='ltr'><strong>pelles</strong></span> <span class='ocrx_word' id='word_1_196' title='bbox 868 1581 940 1625; x_wconf 83' lang='lat' dir='ltr'><strong>dat</strong></span> <span class='ocrx_word' id='word_1_197' title='bbox 961 1598 1040 1641; x_wconf 88' lang='lat' dir='ltr'><strong>pro</strong></span> <span class='ocrx_word' id='word_1_198' title='bbox 1055 1582 1401 1626; x_wconf 75' lang='lat' dir='ltr'><strong>vestimentorum</strong></span> <span class='ocrx_word' id='word_1_199' title='bbox 1417 1584 1488 1627; x_wconf 85' lang='lat' dir='ltr'><strong>usu</strong></span> <span class='ocrx_word' id='word_1_200' title='bbox 1512 1587 1606 1629; x_wconf 84' lang='lat' dir='ltr'><strong>satis</strong></span> <span class='ocrx_word' id='word_1_201' title='bbox 1619 1602 1691 1630; x_wconf 83' lang='lat' dir='ltr'><strong>ve-</strong></span> 
     </span>
     <span class='ocr_line' id='line_1_25' title="bbox 185 1640 890 1684; baseline -0.004 0"><span class='ocrx_word' id='word_1_202' title='bbox 185 1640 331 1684; x_wconf 84' lang='lat' dir='ltr'><strong>nustas.</strong></span> <span class='ocrx_word' id='word_1_203' title='bbox 887 1680 890 1681; x_wconf 14' lang='grc' dir='ltr'><em>γ</em></span> 
     </span>
    </p>

    <p class='ocr_par' dir='ltr' id='par_1_5' title="bbox 186 1693 1691 1932">
     <span class='ocr_line' id='line_1_26' title="bbox 301 1693 1690 1756; baseline 0.006 -19"><span class='ocrx_word' id='word_1_204' title='bbox 301 1693 438 1738; x_wconf 82' lang='lat' dir='ltr'><strong>Ruffia</strong></span> <span class='ocrx_word' id='word_1_205' title='bbox 454 1694 655 1744; x_wconf 88' lang='lat' dir='ltr'><strong>borealis,</strong></span> <span class='ocrx_word' id='word_1_206' title='bbox 689 1696 786 1739; x_wconf 89' lang='lat' dir='ltr'><strong>licet</strong></span> <span class='ocrx_word' id='word_1_207' title='bbox 800 1696 995 1754; x_wconf 85' lang='lat' dir='ltr'><strong>lanigeris</strong></span> <span class='ocrx_word' id='word_1_208' title='bbox 1017 1696 1218 1756; x_wconf 82' lang='lat' dir='ltr'><strong>gregibus</strong></span> <span class='ocrx_word' id='word_1_209' title='bbox 1243 1700 1417 1742; x_wconf 83' lang='lat' dir='ltr'><strong>minime</strong></span> <span class='ocrx_word' id='word_1_210' title='bbox 1441 1698 1590 1744; x_wconf 83' lang='lat' dir='ltr'><strong>favens</strong></span> <span class='ocrx_word' id='word_1_211' title='bbox 1617 1717 1690 1745; x_wconf 84' lang='lat' dir='ltr'><strong>ne·-</strong></span> 
     </span>
     <span class='ocr_line' id='line_1_27' title="bbox 188 1752 1689 1814; baseline 0.003 -17"><span class='ocrx_word' id='word_1_212' title='bbox 188 1769 270 1814; x_wconf 88' lang='lat' dir='ltr'><strong>que</strong></span> <span class='ocrx_word' id='word_1_213' title='bbox 294 1752 527 1801; x_wconf 82' lang='lat' dir='ltr'><strong>abundans,</strong></span> <span class='ocrx_word' id='word_1_214' title='bbox 564 1754 816 1811; x_wconf 86' lang='lat' dir='ltr'><strong>peculiarem</strong></span> <span class='ocrx_word' id='word_1_215' title='bbox 844 1768 986 1797; x_wconf 87' lang='lat' dir='ltr'><strong>tamen</strong></span> <span class='ocrx_word' id='word_1_216' title='bbox 1005 1756 1264 1798; x_wconf 71' lang='lat' dir='ltr'><strong>alut‘Ovium</strong></span> <span class='ocrx_word' id='word_1_217' title='bbox 1283 1760 1529 1800; x_wconf 70' lang='lat' dir='ltr'><strong>varietatem</strong></span> <span class='ocrx_word' id='word_1_218' title='bbox 1561 1760 1689 1802; x_wconf 77' lang='lat' dir='ltr'>BRA-</span> 
     </span>
     <span class='ocr_line' id='line_1_28' title="bbox 189 1812 1690 1874; baseline 0.003 -19"><span class='ocrx_word' id='word_1_219' title='bbox 189 1827 318 1855; x_wconf 68' lang='lat' dir='ltr'><strong>cnvu</strong></span> <span class='ocrx_word' id='word_1_220' title='bbox 330 1827 353 1853; x_wconf 84' lang='lat' dir='ltr'>R</span> <span class='ocrx_word' id='word_1_221' title='bbox 365 1825 453 1859; x_wconf 81' lang='lat' dir='ltr'><strong>AM,</strong></span> <span class='ocrx_word' id='word_1_222' title='bbox 484 1825 590 1868; x_wconf 87' lang='lat' dir='ltr'><strong>quae</strong></span> <span class='ocrx_word' id='word_1_223' title='bbox 608 1823 652 1853; x_wconf 88' lang='lat' dir='ltr'><strong>ut</strong></span> <span class='ocrx_word' id='word_1_224' title='bbox 668 1812 777 1861; x_wconf 84' lang='lat' dir='ltr'><strong>dixi,</strong></span> <span class='ocrx_word' id='word_1_225' title='bbox 806 1813 918 1854; x_wconf 90' lang='lat' dir='ltr'><strong>notis</strong></span> <span class='ocrx_word' id='word_1_226' title='bbox 937 1814 1065 1854; x_wconf 84' lang='lat' dir='ltr'><strong>variis</strong></span> <span class='ocrx_word' id='word_1_227' title='bbox 1080 1829 1177 1855; x_wconf 89' lang='lat' dir='ltr'><strong>cum</strong></span> <span class='ocrx_word' id='word_1_228' title='bbox 1200 1813 1414 1856; x_wconf 87' lang='lat' dir='ltr'><strong>lslandicis</strong></span> <span class='ocrx_word' id='word_1_229' title='bbox 1431 1827 1556 1874; x_wconf 87' lang='lat' dir='ltr'><strong>atque</strong></span> <span class='ocrx_word' id='word_1_230' title='bbox 1575 1817 1690 1861; x_wconf 87' lang='lat' dir='ltr'><strong>Nor-</strong></span> 
     </span>
     <span class='ocr_line' id='line_1_29' title="bbox 186 1869 1691 1932; baseline 0.003 -19"><span class='ocrx_word' id='word_1_231' title='bbox 186 1871 344 1929; x_wconf 84' lang='lat' dir='ltr'><strong>vegicis</strong></span> <span class='ocrx_word' id='word_1_232' title='bbox 355 1870 567 1917; x_wconf 76' lang='lat' dir='ltr'><strong>convenit,</strong></span> <span class='ocrx_word' id='word_1_233' title='bbox 622 1869 778 1924; x_wconf 87' lang='lat' dir='ltr'><strong>Forma</strong></span> <span class='ocrx_word' id='word_1_234' title='bbox 799 1870 958 1928; x_wconf 87' lang='lat' dir='ltr'><strong>capitis,</strong></span> <span class='ocrx_word' id='word_1_235' title='bbox 977 1869 1143 1914; x_wconf 81' lang='lat' dir='ltr'><strong>auribus</strong></span> <span class='ocrx_word' id='word_1_236' title='bbox 1161 1869 1328 1921; x_wconf 66' lang='lat' dir='ltr'><strong>erectis,</strong></span> <span class='ocrx_word' id='word_1_237' title='bbox 1354 1871 1523 1932; x_wconf 86' lang='lat' dir='ltr'><strong>altoque</strong></span> <span class='ocrx_word' id='word_1_238' title='bbox 1534 1873 1691 1918; x_wconf 86' lang='lat' dir='ltr'><strong>vellere</strong></span> 
     </span>
    </p>

    <p class='ocr_par' dir='ltr' id='par_1_6' title="bbox 877 1927 1686 1989">
     <span class='ocr_line' id='line_1_30' title="bbox 877 1927 1686 1989; baseline 0.007 -20"><span class='ocrx_word' id='word_1_239' title='bbox 877 1927 926 1970; x_wconf 88' lang='lat' dir='ltr'><strong>H</strong></span> <span class='ocrx_word' id='word_1_240' title='bbox 955 1943 976 1980; x_wconf 85' lang='lat'>3</span> <span class='ocrx_word' id='word_1_241' title='bbox 1012 1967 1030 1969; x_wconf 15' lang='grc' dir='ltr'><strong>γ.</strong></span> <span class='ocrx_word' id='word_1_242' title='bbox 1566 1946 1686 1989; x_wconf 87' lang='lat' dir='ltr'><strong>prae—</strong></span> 
     </span>
    </p>

    <p class='ocr_par' dir='ltr' id='par_1_7' title="bbox 220 2019 1688 2106">
     <span class='ocr_line' id='line_1_31' title="bbox 220 2019 1688 2065; baseline 0.004 -14"><span class='ocrx_word' id='word_1_243' title='bbox 220 2025 255 2065; x_wconf 78' lang='lat' dir='ltr'><strong>p)</strong></span> <span class='ocrx_word' id='word_1_244' title='bbox 277 2022 309 2052; x_wconf 85' lang='lat' dir='ltr'><strong>ln</strong></span> <span class='ocrx_word' id='word_1_245' title='bbox 325 2021 434 2051; x_wconf 78' lang='lat' dir='ltr'><strong>deserto</strong></span> <span class='ocrx_word' id='word_1_246' title='bbox 449 2022 567 2052; x_wconf 76' lang='lat' dir='ltr'><strong>Saharae</strong></span> <span class='ocrx_word' id='word_1_247' title='bbox 582 2022 697 2053; x_wconf 78' lang='lat' dir='ltr'><strong>Africae</strong></span> <span class='ocrx_word' id='word_1_248' title='bbox 710 2025 806 2054; x_wconf 84' lang='lat' dir='ltr'><strong>ovium</strong></span> <span class='ocrx_word' id='word_1_249' title='bbox 821 2034 914 2063; x_wconf 84' lang='lat' dir='ltr'><strong>genus</strong></span> <span class='ocrx_word' id='word_1_250' title='bbox 929 2024 1187 2064; x_wconf 63' lang='lat' dir='ltr'><strong>frequentissimum</strong></span> <span class='ocrx_word' id='word_1_251' title='bbox 1204 2019 1257 2055; x_wconf 77' lang='lat' dir='ltr'><strong>esse</strong></span> <span class='ocrx_word' id='word_1_252' title='bbox 1273 2026 1424 2056; x_wconf 77' lang='lat' dir='ltr'><strong>altitudine</strong></span> <span class='ocrx_word' id='word_1_253' title='bbox 1439 2025 1498 2056; x_wconf 88' lang='lat' dir='ltr'><strong>fere</strong></span> <span class='ocrx_word' id='word_1_254' title='bbox 1507 2029 1627 2063; x_wconf 75' lang='lat' dir='ltr'><strong>Damae,</strong></span> <span class='ocrx_word' id='word_1_255' title='bbox 1635 2030 1688 2059; x_wconf 81' lang='lat' dir='ltr'><strong>vel-</strong></span> 
     </span>
     <span class='ocr_line' id='line_1_32' title="bbox 266 2063 1450 2106; baseline 0.002 -12"><span class='ocrx_word' id='word_1_256' title='bbox 266 2067 323 2095; x_wconf 82' lang='lat' dir='ltr'><strong>lere</strong></span> <span class='ocrx_word' id='word_1_257' title='bbox 337 2064 442 2102; x_wconf 81' lang='lat' dir='ltr'><strong>caprini</strong></span> <span class='ocrx_word' id='word_1_258' title='bbox 456 2063 515 2102; x_wconf 72' lang='lat' dir='ltr'><strong>fere</strong></span> <span class='ocrx_word' id='word_1_259' title='bbox 525 2065 576 2103; x_wconf 79' lang='lat' dir='ltr'><strong>pili</strong></span> <span class='ocrx_word' id='word_1_260' title='bbox 590 2065 740 2095; x_wconf 77' lang='lat' dir='ltr'><strong>simillimo.</strong></span> <span class='ocrx_word' id='word_1_261' title='bbox 764 2068 781 2095; x_wconf 90' lang='lat' dir='ltr'>S</span> <span class='ocrx_word' id='word_1_262' title='bbox 791 2077 808 2094; x_wconf 76' lang='grc' dir='ltr'>Η</span> <span class='ocrx_word' id='word_1_263' title='bbox 819 2077 869 2094; x_wconf 72' lang='lat' dir='ltr'><strong>Aw</strong></span> <span class='ocrx_word' id='word_1_264' title='bbox 899 2068 1016 2105; x_wconf 69' lang='lat' dir='ltr'><strong>l&#39;qyages</strong></span> <span class='ocrx_word' id='word_1_265' title='bbox 1034 2068 1123 2102; x_wconf 75' lang='lat' dir='ltr'><strong>(edit.</strong></span> <span class='ocrx_word' id='word_1_266' title='bbox 1135 2068 1199 2105; x_wconf 60' lang='lat' dir='ltr'><strong>gall,</strong></span> <span class='ocrx_word' id='word_1_267' title='bbox 1214 2069 1228 2105; x_wconf 93' lang='lat'>)</span> <span class='ocrx_word' id='word_1_268' title='bbox 1249 2068 1300 2096; x_wconf 62' lang='lat' dir='ltr'><strong>nl</strong></span> <span class='ocrx_word' id='word_1_269' title='bbox 1323 2069 1347 2096; x_wconf 87' lang='lat' dir='ltr'><strong>I.</strong></span> <span class='ocrx_word' id='word_1_270' title='bbox 1360 2076 1450 2106; x_wconf 81' lang='lat' dir='ltr'><strong>p.312.</strong></span> 
     </span>
    </p>

    <p class='ocr_par' dir='ltr' id='par_1_8' title="bbox 227 2105 1681 2150">
     <span class='ocr_line' id='line_1_33' title="bbox 227 2105 1681 2150; baseline 0.004 -16"><span class='ocrx_word' id='word_1_271' title='bbox 227 2110 259 2150; x_wconf 74' lang='lat' dir='ltr'><strong>q)</strong></span> <span class='ocrx_word' id='word_1_272' title='bbox 288 2107 318 2135; x_wconf 82' lang='lat' dir='ltr'><strong>ln</strong></span> <span class='ocrx_word' id='word_1_273' title='bbox 334 2107 445 2134; x_wconf 71' lang='lat' dir='ltr'><strong>Guinca</strong></span> <span class='ocrx_word' id='word_1_274' title='bbox 462 2105 603 2150; x_wconf 79' lang='lat' dir='ltr'><strong>duplicem</strong></span> <span class='ocrx_word' id='word_1_275' title='bbox 619 2107 672 2135; x_wconf 87' lang='lat' dir='ltr'><strong>coli</strong></span> <span class='ocrx_word' id='word_1_276' title='bbox 689 2109 850 2138; x_wconf 73' lang='lat' dir='ltr'><strong>varietatem</strong></span> <span class='ocrx_word' id='word_1_277' title='bbox 867 2109 964 2137; x_wconf 73' lang='lat' dir='ltr'><strong>ovium</strong></span> <span class='ocrx_word' id='word_1_278' title='bbox 975 2129 981 2141; x_wconf 85' lang='lat'>‚</span> <span class='ocrx_word' id='word_1_279' title='bbox 1004 2109 1118 2138; x_wconf 82' lang='lat' dir='ltr'><strong>alteram</strong></span> <span class='ocrx_word' id='word_1_280' title='bbox 1135 2111 1271 2141; x_wconf 66' lang='lat' dir='ltr'><strong>tamtam,</strong></span> <span class='ocrx_word' id='word_1_281' title='bbox 1293 2110 1389 2138; x_wconf 82' lang='lat' dir='ltr'><strong>caudis</strong></span> <span class='ocrx_word' id='word_1_282' title='bbox 1403 2111 1532 2149; x_wconf 82' lang='lat' dir='ltr'><strong>magnis,</strong></span> <span class='ocrx_word' id='word_1_283' title='bbox 1557 2111 1681 2150; x_wconf 86' lang='lat' dir='ltr'><strong>pingue—</strong></span> 
     </span>
    </p>

    <p class='ocr_par' dir='ltr' id='par_1_9' title="bbox 266 2146 1680 2190">
     <span class='ocr_line' id='line_1_34' title="bbox 266 2146 1680 2190; baseline 0.002 -12"><span class='ocrx_word' id='word_1_284' title='bbox 266 2146 438 2179; x_wconf 55' lang='lat' dir='ltr'><strong>dixie‘fm-‘clis</strong></span> <span class='ocrx_word' id='word_1_285' title='bbox 457 2148 550 2184; x_wconf 55' lang='lat' dir='ltr'><strong>(toste</strong></span> <span class='ocrx_word' id='word_1_286' title='bbox 565 2147 783 2185; x_wconf 75' lang='lat' dir='ltr'><strong>adventitiam).</strong></span> <span class='ocrx_word' id='word_1_287' title='bbox 804 2151 919 2179; x_wconf 62' lang='lat' dir='ltr'><strong>alteram</strong></span> <span class='ocrx_word' id='word_1_288' title='bbox 935 2152 1090 2186; x_wconf 65' lang='lat' dir='ltr'><strong>maiorem,</strong></span> <span class='ocrx_word' id='word_1_289' title='bbox 1110 2150 1314 2183; x_wconf 69' lang='lat' dir='ltr'><strong>robustiorem,</strong></span> <span class='ocrx_word' id='word_1_290' title='bbox 1344 2152 1403 2190; x_wconf 85' lang='lat' dir='ltr'><strong>pilo</strong></span> <span class='ocrx_word' id='word_1_291' title='bbox 1422 2153 1556 2190; x_wconf 71' lang='lat' dir='ltr'><strong>caprino,</strong></span> <span class='ocrx_word' id='word_1_292' title='bbox 1595 2162 1680 2181; x_wconf 82' lang='lat' dir='ltr'><strong>carne</strong></span> 
     </span>
    </p>
   </div>
   <div class='ocr_carea' id='block_1_3' title="bbox 265 2188 1678 2272">
    <p class='ocr_par' dir='ltr' id='par_1_10' title="bbox 265 2188 1678 2272">
     <span class='ocr_line' id='line_1_35' title="bbox 266 2188 1678 2234; baseline 0.003 -15"><span class='ocrx_word' id='word_1_293' title='bbox 266 2189 431 2229; x_wconf 64' lang='lat' dir='ltr'><strong>sapidiffima</strong></span> <span class='ocrx_word' id='word_1_294' title='bbox 441 2210 449 2222; x_wconf 90' lang='lat'>‚</span> <span class='ocrx_word' id='word_1_295' title='bbox 470 2188 593 2217; x_wconf 73' lang='lat' dir='ltr'><strong>maxime</strong></span> <span class='ocrx_word' id='word_1_296' title='bbox 608 2189 691 2217; x_wconf 85' lang='lat' dir='ltr'><strong>vilem</strong></span> <span class='ocrx_word' id='word_1_297' title='bbox 706 2192 730 2218; x_wconf 83' lang='lat'>&amp;</span> <span class='ocrx_word' id='word_1_298' title='bbox 747 2192 903 2229; x_wconf 77' lang='lat' dir='ltr'><strong>vulgarem.</strong></span> <span class='ocrx_word' id='word_1_299' title='bbox 948 2192 1077 2221; x_wconf 55' lang='lat' dir='ltr'><strong>Nuuvelle</strong></span> <span class='ocrx_word' id='word_1_300' title='bbox 1091 2191 1148 2232; x_wconf 67' lang='lat' dir='ltr'><strong>hast.</strong></span> <span class='ocrx_word' id='word_1_301' title='bbox 1163 2194 1196 2222; x_wconf 80' lang='lat' dir='ltr'><strong>de</strong></span> <span class='ocrx_word' id='word_1_302' title='bbox 1208 2191 1352 2234; x_wconf 73' lang='lat' dir='ltr'><strong>I&#39;Afi·ique</strong></span> <span class='ocrx_word' id='word_1_303' title='bbox 1360 2192 1511 2233; x_wconf 74' lang='lat' dir='ltr'><strong>francatse</strong></span> <span class='ocrx_word' id='word_1_304' title='bbox 1525 2200 1583 2232; x_wconf 83' lang='lat' dir='ltr'><strong>par</strong></span> <span class='ocrx_word' id='word_1_305' title='bbox 1602 2193 1678 2224; x_wconf 54' lang='lat' dir='ltr'><em>I&#39;Abu</em></span> 
     </span>
     <span class='ocr_line' id='line_1_36' title="bbox 265 2230 982 2272; baseline 0.001 -11"><span class='ocrx_word' id='word_1_306' title='bbox 265 2233 298 2264; x_wconf 71' lang='lat' dir='ltr'><strong>be*</strong></span> <span class='ocrx_word' id='word_1_307' title='bbox 321 2233 430 2261; x_wconf 71' lang='lat' dir='ltr'>DEMA</span> <span class='ocrx_word' id='word_1_308' title='bbox 440 2242 459 2259; x_wconf 76' lang='lat' dir='ltr'>N</span> <span class='ocrx_word' id='word_1_309' title='bbox 469 2241 510 2260; x_wconf 79' lang='lat' dir='ltr'><strong>ET</strong></span> <span class='ocrx_word' id='word_1_310' title='bbox 533 2230 637 2268; x_wconf 79' lang='lat' dir='ltr'><strong>(Paris</strong></span> <span class='ocrx_word' id='word_1_311' title='bbox 652 2233 749 2269; x_wconf 80' lang='lat'><em>1767.)</em></span> <span class='ocrx_word' id='word_1_312' title='bbox 770 2233 830 2262; x_wconf 74' lang='lat' dir='ltr'><strong>Vol.</strong></span> <span class='ocrx_word' id='word_1_313' title='bbox 844 2243 867 2261; x_wconf 76' lang='lat'><strong>2.</strong></span> <span class='ocrx_word' id='word_1_314' title='bbox 880 2239 908 2272; x_wconf 82' lang='lat' dir='ltr'><strong>p.</strong></span> <span class='ocrx_word' id='word_1_315' title='bbox 924 2244 982 2269; x_wconf 81' lang='lat'><em>114.</em></span> 
     </span>
    </p>
   </div>
  </div>
 </body>
</html>
