2032 2732
558 293 723 351 ’'Q-st*
836 295 1068 352 (67)
1184 296 1348 352 '‘⁹³0ss

307 384 477 440 Copiosa
504 385 620 427 datur
642 385 692 427 ad
707 384 910 439 Jeniseam
938 387 1119 437 varietas,
1155 387 1258 441 pelle
1282 388 1410 439 vilior,
1449 388 1552 430 collo
1575 388 1707 431 subtus

189 437 435 483 fulveicente
462 442 525 483 vel
547 440 658 483 fulvo
681 441 891 493 maculato,
922 443 1005 484 imo
1030 443 1103 484 lata
1128 458 1218 485 area
1235 441 1490 486 fulvidiffima
1505 445 1567 487 vel
1589 448 1706 502 ignea

189 498 297 553 quasi
314 499 449 553 (plane
466 499 566 539 utin
586 499 736 547 Marte)
754 511 973 553 occupat03
1011 513 1120 554 quas,
1150 501 1192 540 ni
1211 502 1492 556 proportiones
1512 516 1705 553 vetarent,

188 568 264 608 pro
282 569 377 596 vera
393 555 524 596 Marte
534 553 742 608 Zoologus
758 554 935 604 haberet,
956 557 1103 610 quibus
1121 570 1160 598 et
1176 556 1312 598 colore
1332 559 1399 599 vix
1418 559 1505 599 sunt
1524 557 1703 601 fuscidio-

186 625 262 652 res.
288 634 329 641 —-
386 611 497 651 Alias
519 608 650 651 adhuc
667 609 823 664 pejores
840 610 935 661 vidi,
964 612 1053 653 colli
1072 627 1161 654 area
1178 627 1325 668 magna
1341 615 1526 663 obsoleta,
1559 616 1703 670 pallido

187 667 396 716 maculoia,
441 665 588 720 quibus
622 669 690 718 (ut
724 677 763 707 et
786 666 900 721 saepe
925 667 1006 708 aliis
1030 668 1131 709 collo
1156 671 1441 724 immaculatis)
1467 672 1592 714 vellus
1623 685 1704 714 tan-

187 736 275 765 tum
302 720 668 778 gryseo-fuscescit,
714 723 772 764 uti
799 722 1201 767 Verchoturienlibus
1227 727 1303 768 ess'e
1326 727 1433 769 solet.
1503 729 1705 771 Omnibus

185 780 247 821 his
261 780 394 835 Caput
418 779 642 820 incanescit.

300 892 344 934 ln
369 892 564 948 superiori
587 893 754 949 regione
769 891 954 948 jeniseae
971 891 1008 933 fl.
1024 906 1099 948 per
1114 892 1350 948 Sajanenses,
1380 896 1562 952 itemque
1578 899 1618 939 in
1636 899 1705 941 Al·

185 949 294 992 ta'i'cis
318 949 472 1004 alpibus
495 949 637 991 crebra
660 950 872 1005 capiuntur
893 949 1082 991 animalia
1098 952 1252 992 minora
1270 964 1309 992 et
1325 953 1557 1007 praesertim
1575 956 1703 998 multo

183 1007 368 1048 breviora
383 1006 590 1048 Zibellinis
616 1006 859 1061 vulgaribus,
897 1006 1045 1048 vellere
1069 1006 1255 1048 breviore
1282 1021 1321 1049 et
1345 1008 1551 1061 striffiore,
1591 1012 1705 1054 dura-

185 1063 266 1114 bili,
297 1063 420 1113 molli,
452 1063 533 1117 pilo
556 1063 798 1118 plerumque
822 1075 906 1104 toto
931 1075 1017 1104 atro
1043 1076 1083 1104 et
1108 1063 1296 1119 lanugine
1323 1066 1429 1108 intus
1445 1065 1563 1117 fusca,
1595 1069 1704 1123 pedi-

183 1120 257 1161 bus
279 1119 503 1160 admodum
530 1119 695 1161 hirsutis.
754 1119 830 1161 His
855 1119 1014 1173 semper
1036 1119 1105 1160 sub
1129 1121 1231 1162 collo
1248 1121 1353 1163 adest
1370 1137 1459 1164 area
1476 1125 1703 1179 irregularis

182 1176 334 1217 intense
349 1173 470 1226 fulva,
498 1173 847 1228 fusco-maculata,
875 1176 977 1216 vele
992 1174 1360 1232 fulvo—pallescens,
1391 1192 1560 1234 tumque
1578 1182 1703 1238 vulgo

180 1233 359 1274 maxima
382 1244 514 1273 totum
540 1232 675 1274 subtus
699 1232 850 1274 collum
880 1245 1102 1287 oceupans3
1147 1233 1430 1278 accedentibus
1460 1237 1703 1294 plerumque

179 1289 342 1343 iusuper
364 1288 503 1339 lituris,
534 1289 598 1330 vel
624 1290 895 1344 variegatione
926 1289 1013 1330 alba
1036 1303 1102 1331 aut
1126 1290 1271 1344 pallida
1299 1292 1403 1334 inter
1418 1294 1617 1348 primores
1636 1310 1702 1350 pe-

181 1345 264 1395 des,
307 1345 430 1400 usque
455 1346 495 1386 in
524 1345 664 1399 pestus
688 1345 966 1397 descendente,
1011 1347 1140 1401 magis
1163 1348 1350 1389 minusve
1377 1351 1545 1405 copiosa.
1611 1351 1701 1394 Hae

178 1401 323 1442 crebro
345 1401 569 1443 admodum
597 1403 802 1444 immixtos
828 1403 977 1443 habent
1003 1403 1103 1457 pilos
1127 1403 1237 1445 albos
1259 1404 1323 1445 vel
1349 1419 1480 1454 canos,
1520 1420 1563 1449 ut
1588 1409 1701 1463 saepe

178 1458 286 1513 quasi
312 1458 521 1512 pruinosae
544 1459 767 1500 videantur.
828 1458 912 1500 Has
929 1460 1097 1500 omnino
1113 1460 1355 1502 crediderim
1373 1461 1449 1503 ess‘e
1467 1466 1699 1506 varietatem

177 1515 227 1555 ab
247 1514 401 1569 alpestri
420 1514 577 1555 summo
594 1515 785 1556 nivalium
798 1514 991 1571 jugorum
1009 1516 1167 1558 climate
1184 1530 1390 1569 mutatam,
1419 1519 1511 1561 licet
1536 1518 1636 1562 facie
1662 1535 1702 1562 et

178 1571 322 1612 statura
345 1572 496 1612 mirum
521 1573 562 1612 in
585 1572 756 1613 modum
782 1586 803 1613 a
826 1571 1028 1627 pejoribus
1052 1572 1424 1626 circumjacentium
1454 1576 1496 1616 in
1529 1577 1698 1631 planiori

179 1630 345 1683 regione
371 1628 573 1682 sylvarum
589 1628 798 1669 Zibellinis
823 1628 1021 1678 differant,
1061 1641 1099 1670 et
1123 1631 1403 1685 magnitudine
1431 1646 1595 1687 quoque
1613 1634 1699 1675 Ma-

176 1698 239 1726 res
256 1685 431 1731 istarum,
449 1685 674 1739 vulgarium
685 1684 977 1726 Zibellinarum
995 1685 1063 1726 vix
1081 1687 1258 1727 minores
1275 1686 1446 1728 feminas
1466 1689 1702 1744 adaequant,

176 1742 229 1782 ita
253 1754 297 1782 ut
323 1741 434 1795 pellis
467 1743 511 1779 1.¹
543 1743 600 1788 5st
628 1743 701 1780 6.¹“
730 1741 854 1782 cauda
880 1743 943 1790 4.‘¹
971 1744 1099 1790 3.“‘—-
1128 1755 1167 1783 at
1189 1742 1230 1783 in
1258 1743 1491 1798 vulgaribus
1517 1746 1628 1800 pellis
1657 1749 1702 1789 1.‘

175 1800 240 1845 9-“
255 1797 380 1838 cauda
407 1799 464 1843 5.“
484 1799 558 1838 6.‘¹‘
583 1811 754 1852 aequare
775 1797 905 1839 soleat.
963 1797 1122 1839 Dantur
1148 1812 1197 1839 ex
1223 1799 1294 1849 his,
1322 1813 1425 1855 quae
1449 1799 1602 1843 fulvam
1628 1803 1699 1845 sub

174 1853 279 1895 collo
295 1867 428 1894 aream
445 1853 605 1902 habent,
635 1866 740 1895 totae
759 1858 936 1908 <praeter
950 1866 1071 1909 caput
1086 1855 1229 1909 gryseo
1241 1855 1457 1910 -dilutum)
1480 1871 1594 1900 extus
1611 1860 1698 1901 niti-

175 1909 328 1951 diffime
352 1923 469 1961 atrae,
500 1910 690 1964 lanugine
715 1911 764 1951 ad
784 1911 910 1951 cutim
927 1908 1206 1966 fusco-nigra3
1236 1911 1327 1953 alias
1343 1914 1557 1968 nigredine
1576 1929 1614 1957 et
1633 1930 1699 1958 na-

175 1978 264 2007 tura
286 1967 453 2015 velleris,
483 1966 764 2021 magnitudine
787 1979 834 2008 et
855 1967 1118 2022 proportione
1144 1967 1356 2010 fimillimas
1378 1971 1469 2018 istis,
1501 1970 1566 2013 sed
1591 1972 1695 2014 collo

175 2021 310 2064 subtus
344 2022 461 2076 plane
493 2020 602 2063 fulco
636 2035 675 2064 et
700 2023 916 2065 concolore
940 2024 1034 2064 vidi.
1107 2023 1244 2065 Habui
1271 2026 1390 2066 etiam
1418 2027 1694 2083 nigerrimam,

176 2078 326 2119 caudae
345 2079 592 2121 extremitate
609 2079 789 2120 candida.
850 2080 929 2121 Sed
947 2079 1066 2121 doleo
1085 2093 1152 2121 me
1177 2079 1292 2134 hujus
1318 2083 1513 2125 varietatis
1538 2085 1693 2127 nullum

174 2135 378 2188 specimen
394 2147 534 2175 recens
551 2147 645 2174 cum
663 2135 848 2176 carnibus
865 2137 1047 2177 obtinere
1064 2137 1243 2190 potuisse,
1275 2152 1357 2193 quo
1386 2141 1531 2181 certius
1556 2141 1693 2183 consti-

176 2191 276 2233 tiffet
292 2190 466 2246 speciem
483 2203 568 2232 non
585 2191 662 2233 effe
679 2190 925 2246 distinet-am
944 2192 1064 2289 Iquod
1080 2193 1125 2235 iis
1141 2194 1212 2248 qui
1229 2194 1413 2236 Sibiriam
1433 2197 1472 2236 in
1487 2197 1691 2251 posterum

991 2263 1011 2288 2
1524 2253 1691 2296 adibunt
