2032 2732
618 256 1433 318 Qffl<103⁵³319<02ae=
1809 324 1817 334 ‚

283 355 1765 421 QX*※※※※fffffffflff※※※※※※※※※※ffssssfflffssffixffffi※※k

630 469 1428 560 LUMBRICUS

806 602 1251 670 EDULJS.

478 883 672 943 piscibus,
703 882 772 925 sed
790 898 867 940 pro
885 882 1065 941 ipsorum
1081 880 1304 923 hominum
1322 881 1417 923 cibo
1439 879 1637 922 usitatam.
1674 882 1784 923 Rem

477 955 632 989 totam,
675 943 733 982 uti
750 941 894 982 litteris
928 954 1009 982 una
1037 954 1134 981 cum
1163 938 1389 997 specimine
1413 939 1569 982 vermis
1611 938 1784 981 Batauia

276 999 401 1047 miffis
421 1011 606 1044 enarrata
622 997 698 1046 est,
729 1012 959 1056 exponam.

396 1057 626 1102 Abundant
647 1057 849 1098 Lumbrici
870 1056 1022 1103 edules,
1067 1055 1137 1113 qui
1166 1069 1190 1097 a
1218 1053 1387 1110 Javanis
1424 1056 1577 1097 Porrut
1592 1079 1603 1085 -
1622 1056 1748 1111 ajang
1765 1068 1790 1097 a

277 1114 558 1162 Chinenfibus
588 1130 693 1157 vero
722 1115 802 1156 Soa
815 1115 893 1170 -see
925 1113 1202 1172 appellantur,
1238 1114 1278 1154 in
1307 1114 1444 1156 littore
1463 1111 1646 1155 sabuloso
1664 1114 1784 1155 meri-

276 1176 434 1220 dionali
459 1185 603 1232 portus
631 1172 846 1219 Baccanae,
878 1173 926 1213 iis
958 1174 1085 1213 etiam
1111 1171 1152 1211 in
1183 1171 1284 1212 locis
1308 1186 1415 1230 qnae
1432 1171 1655 1213 recedente
1676 1171 1787 1214 aestu

276 1249 394 1277 mare
423 1230 681 1289 derelinquit.
755 1230 827 1272 Ad
855 1229 1049 1286 pedalem
1077 1228 1144 1270 vel
1170 1226 1499 1287 sesquipedalem
1529 1228 1786 1285 profundita-

277 1303 368 1335 tem
394 1292 499 1333 intra
526 1303 694 1331 arenam
715 1287 862 1334 latent,
897 1299 937 1328 at
965 1289 1004 1328 in
1031 1283 1245 1344 superficie
1269 1286 1419 1343 pervio
1447 1286 1575 1327 canali
1599 1284 1678 1328 sese
1694 1302 1788 1343 pro—

278 1350 394 1394 dunt.
454 1345 638 1391 Refluxo
658 1344 767 1388 aestu
792 1345 951 1387 incolae
974 1342 1231 1393 Chinenses,
1254 1344 1325 1403 qui
1348 1342 1598 1387 Lumbricos
1625 1346 1788 1387 nostros

275 1422 322 1451 ut
337 1409 381 1450 <Sc
398 1406 473 1449 alia
491 1403 682 1448 mollusca
698 1405 855 1446 marina
872 1404 912 1444 in
926 1403 1080 1444 deliciis
1093 1401 1261 1447 habent,
1279 1402 1319 1443 in
1332 1401 1436 1444 haec
1446 1403 1537 1444 loca
1549 1401 1696 1445 littoris
1714 1418 1787 1445 ex·

279 1477 459 1513 currunt,
470 1480 565 1506 cum
576 1461 748 1505 fascibus
760 1462 1012 1519 virgularum
1025 1458 1105 1503 siue
1116 1459 1357 1502 bat-illorum
1370 1461 1787 1517 (Rottang)exilium‚

280 1525 513 1584 pedalium,
544 1536 719 1581 quarum
742 1518 900 1562 summa
919 1520 1170 1561 dexteritate
1194 1519 1236 1559 in
1253 1529 1419 1575 apertos
1449 1533 1599 1562 arenae
1624 1519 1787 1562 canales

281 1581 472 1641 defigunt
497 1579 697 1639 singulas,
721 1579 887 1636 praeuia
907 1579 1176 1619 extremitate
1201 1591 1251 1618 ea
1280 1590 1407 1636 quam
1424 1577 1536 1634 prius
1554 1578 1595 1619 in
1611 1578 1786 1620 tenuita-

281 1653 370 1685 tem
393 1654 558 1700 pennae
581 1639 741 1681 circiter
764 1638 958 1679 coruinae
987 1634 1351 1682 circumciderunt,
1379 1631 1527 1676 relicto
1551 1646 1692 1677 tamen
1717 1650 1786 1677 an-

282 1700 383 1744 nulo
408 1697 669 1757 prominulo,
695 1693 915 1738 transversi
931 1694 1091 1735 circiter
1111 1693 1229 1751 digiti
1251 1690 1303 1735 ab
1319 1693 1435 1749 apice
1455 1691 1651 1735 distantia.
1683 1695 1786 1736 (ffe—

285 1757 411 1801 dibile
438 1756 494 1799 est
515 1753 649 1798 bacilli
679 1754 993 1796 extremitatem
1026 1753 1067 1792 in
1098 1749 1313 1792 Lumbrici
1343 1765 1392 1792 os
1418 1749 1667 1793 infundibuli
1696 1750 1786 1794 fere

284 1815 417 1858 modo
438 1814 609 1873 panium
632 1812 820 1860 immitti,
857 1810 900 1853 <Sc
927 1805 1151 1852 constricto
1177 1823 1252 1850 ore
1283 1806 1558 1850 Lumbricum
1588 1806 1786 1866 amplecti

284 1875 446 1932 apicem
474 1871 606 1915 bacilli
630 1869 868 1927 prominulo
900 1868 1053 1911 annulo
1077 1866 1274 1908 hiulcum.
1333 1865 1556 1924 Postquam
1584 1879 1787 1910 centenos

284 1932 446 1975 circiter
468 1929 638 1972 bacillos
671 1925 927 1977 defixerunt,
959 1926 1012 1967 ad
1037 1940 1112 1967 eos
1127 1924 1323 1972 redeunt,
1381 1939 1456 1966 uos
1473 1925 1630 1981 primos
1648 1925 1785 1968 detru-

283 1989 439 2036 serunt,
469 1990 512 2030 <Sc
530 2001 697 2028 arenam
714 1984 907 2044 oblique,
945 1983 1080 2041 aliqua
1106 1996 1129 2023 a
1156 1981 1307 2025 canalis
1335 1983 1439 2024 otio
1466 1982 1652 2025 distantia
1667 1983 1785 2027 suffo-

283 2049 424 2095 diunt,
451 2057 496 2087 ut
530 2043 802 2104 sesquipedali
830 2040 917 2083 fere
942 2041 985 2082 in
1009 2038 1291 2097 profunditate
1323 2041 1630 2096 receptaculum
1653 2042 1784 2084 Lum-

281 2105 384 2151 brici
403 2105 627 2160 attingant,
656 2114 780 2160 atque
802 2099 982 2147 diruant3
1011 2113 1096 2158 quo
1123 2096 1239 2140 facto
1263 2098 1375 2140 lente
1404 2098 1448 2140 dc
1471 2100 1646 2157 prouide
1663 2099 1784 2143 bacil-

285 2165 347 2208 lus
367 2159 619 2208 extrahitur,
650 2158 879 2217 sponteque
900 2156 1079 2217 sequitur
1095 2171 1169 2198 ore
1186 2153 1417 2199 adhaerens
1435 2155 1698 2206 Lumbricus,
1714 2160 1784 2217 qui

285 2223 404 2271 alias,
434 2218 465 2263 si
489 2233 657 2262 arenam
685 2218 815 2258 imam
839 2215 997 2258 soluere
1021 2214 1066 2257 δε
1090 2214 1299 2263 canalem,
1335 2215 1377 2257 in
1405 2230 1500 2275 quo·
1515 2215 1614 2258 latet
1629 2217 1784 2260 vermis

1640 2271 1788 2317 infimo

309 782 355 952 ἱ
393 779 411 883 Ξ
449 826 546 870 enio
569 824 622 868 ad
647 823 867 868 Lumbrici
896 823 1076 883 speciem
1109 823 1314 872 indicam,
1352 839 1439 866 non
1461 838 1539 881 pro
1554 820 1782 865 inescandis
