2032 2732
549 261 1348 321 ἐξῗέικ>ί<>(9>’ςῆι·ι)ίῦ“

307 355 971 409 Samojedietjacuticonterranei
989 352 1104 406 hujus
1122 353 1313 399 animalis,
1344 352 1585 407 strenuique,
1615 351 1707 392 sicu-

190 412 232 454 bi
248 413 287 454 in
305 425 453 454 terram
474 413 566 463 exit,
595 411 761 461 inimici,
793 412 1054 464 praecipuum
1076 410 1260 451 ursorum
1286 411 1536 450 marinorum
1556 408 1709 449 vifilum

191 469 452 511 observarunt
475 468 754 522 effe,spraeter
780 468 972 507 cadavera
1000 467 1169 521 piscium
1187 480 1306 521 atque
1325 466 1580 506 balaenarum
1606 466 1710 505 inter

191 526 360 581 glaciem
377 525 580 573 fluitantia,
612 538 632 564 e
653 524 864 564 venatione
880 523 1118 571 Phocarum,
1144 524 1297 578 quasin
1313 522 1438 577 glacie
1461 521 1710 576 rupibusque

177 584 383 630 ⁴cubantes
415 595 453 623 et
485 581 590 621 circa
616 581 867 634 respiratoria
889 580 1026 633 glaciei
1062 579 1262 620 ror-amima
1296 593 1392 620 vere
1424 592 1463 619 et
1502 592 1710 628 autumno,

191 639 285 680 dolo
316 638 552 678 adoriuntur
575 649 615 676 et
641 634 828 676 facillima
854 649 977 689 opera
1001 636 1202 676 dilaniant.
1261 635 1464 676 Dicuntur
1482 636 1599 675 etiam
1617 634 1711 676 Ros-

190 708 323 736 maros
341 695 383 734 in
400 694 546 733 ficcum
567 692 752 747 egressos,
782 690 1174 746 imprimisjuniores
1193 691 1351 741 adoriri,
1379 705 1475 731 cum
1501 691 1646 745 quibus
1670 692 1712 732 in

189 751 298 792 Mari
322 750 517 803 congredi
541 763 751 803 nunquam
777 748 938 799 audent,
977 760 1016 789 et
1050 748 1091 788 in
1117 747 1239 788 solido
1265 761 1505 801 pugnantes,
1545 761 1712 801 propter

190 807 287 848 corii
309 807 532 855 craffiriem,
563 805 632 846 diu
649 805 841 846 laborant.
898 805 943 845 In
961 806 1080 845 maris
1099 804 1259 845 finubus
1279 804 1465 857 ostiisque
1486 804 1711 844 rivulorum

189 864 402 905 subeuntes
427 863 586 916 magnis
612 864 755 903 turmis
782 861 908 916 pisces
936 861 1178 902 anadromos
1197 861 1287 901 Ursi
1310 861 1457 901 marini
1476 860 1712 914 congregati

189 920 340 976 pariter
363 918 624 968 insectantur,
670 918 848 972 indeque
874 918 1084 972 copiosum
1113 930 1151 958 et
1176 915 1335 958 facilem
1370 916 1523 957 vics-Itum
1551 916 1711 957 habent.

190 977 333 1018 Carnis
349 988 485 1017 autem
503 974 828 1030 quadrupedium
846 974 1092 1015 terrestrium
1107 973 1211 1015 adeo
1227 987 1313 1014 non
1330 973 1418 1013 sunt
1436 973 1559 1024 avidi,
1590 986 1633 1013 ut
1658 975 1713 1014 in-

191 1034 313 1074 nocui
329 1045 543 1073 vaccarum
562 1033 667 1072 inter
684 1045 831 1086 greges
851 1031 1107 1072 deambulare
1127 1030 1195 1071 vili
1215 1030 1304 1083 fint3
1330 1029 1713 1083 -undeMangaseen-

190 1089 292 1130 fium
316 1087 459 1135 fabula,
491 1088 598 1142 quasi
625 1087 793 1128 Sanstus
819 1088 983 1142 quidam
1004 1087 1161 1128 Bafflius
1186 1085 1477 1141 Mangaseenlis
1499 1085 1626 1128 Ursos
1656 1100 1713 1127 ar-

189 1147 338 1186 mentis
353 1158 505 1185 nocere
527 1143 686 1184 occulto
703 1144 954 1185 anathemate
974 1144 1238 1199 prohibuerit,
1269 1156 1404 1184 ortum
1432 1142 1553 1183 ducit.
1613 1143 1713 1183 Inte·

190 1202 270 1242 rim
288 1215 422 1242 tamen
440 1201 518 1241 hoc
536 1200 585 1240 de
605 1200 822 1241 autumnali
838 1201 1085 1255 potiffimum
1101 1200 1276 1241 adventu
1294 1213 1436 1240 eorum
1455 1199 1570 1249 valet,
1583 1213 1713 1253 quum

190 1257 312 1299 satiati
337 1270 377 1300 et
403 1257 534 1312 sagina
558 1270 700 1311 graves
726 1256 826 1297 sunt.
911 1257 1019 1298 Vere
1050 1270 1262 1311 premente
1288 1254 1396 1296 fame
1421 1256 1647 1310 promiscue
1661 1257 1714 1298 *in

191 1315 330 1356 omnia
344 1318 546 1367 impetum
563 1311 715 1354 faciunt
731 1327 770 1354 et
788 1314 829 1354 in
845 1313 1012 1355 Islandia
1028 1328 1192 1369 quoque
1201 1313 1412 1354 Armentis
1430 1325 1589 1363 nocent,
1606 1312 1713 1354 ideo-

191 1384 273 1424 que
294 1370 474 1412 advenae
492 1370 623 1412 'statim
645 1371 905 1425 extirpantur.
936 1394 976 1400 —
1042 1370 1152 1425 Quid
1178 1384 1288 1425 ergo,
1322 1368 1354 1409 fi
1380 1369 1551 1410 terrestri
1576 1372 1714 1424 rapina

191 1426 344 1482 famem
367 1426 575 1467 interdum
597 1426 796 1478 sedarunt,
826 1427 1046 1482 ,impedivit
1070 1428 1289 1482 quominus
1313 1425 1404 1467 Urfi
1436 1426 1581 1467 marini
1603 1426 1713 1467 terri·

191 1483 299 1538 vago
321 1484 426 1523 vitae
450 1484 591 1537 generi
613 1483 910 1525 adfluescerent‘?
927 1508 963 1513 —
993 1484 1196 1539 Equidem
1219 1496 1262 1524 et
1278 1483 1370 1524 Ursi
1394 1482 1597 1523 terrestres
1621 1483 1713 1523 licet

192 1541 236 1581 in
263 1538 541 1580 Kamtschatka
562 1539 716 1590 aestate,
746 1542 916 1581 omnino
935 1541 989 1581 ad
1015 1539 1251 1594 exemplum
1276 1539 1369 1580 Urfi
1392 1540 1611 1582 americani
1629 1537 1713 1594 (fl,

194 1597 301 1637 circa
318 1609 429 1636 mare
445 1609 483 1636 et
499 1596 593 1637 dein
609 1595 829 1637 secundum
845 1596 1013 1638 flumina
1034 1597 1208 1652 piscibus
1224 1595 1382 1650 copiose
1401 1595 1635 1641 saturentur,
1664 1608 1715 1635 ta-

193 1666 291 1693 men
309 1666 391 1692 non
412 1653 610 1693 marinam
628 1652 775 1693 sortem
793 1653 1008 1707 capessunt,
1041 1652 1106 1694 sed
1125 1652 1173 1693 ad
1189 1653 1483 1693 mediterranea
1497 1651 1595 1701 loca,
1626 1650 1715 1691 bac-

195 1711 251 1750 cis
278 1721 318 1750 et
342 1707 543 1750 radicibus
564 1709 685 1763 gratis
701 1709 955 1760 abundantia,
985 1723 1181 1750 autumno
1201 1709 1380 1758 redeunt,
1412 1708 1548 1761 ibique
1566 1708 1714 1761 spelaea

193 1777 405 1820 quaerunt.
437 1788 478 1794 -
536 1766 668 1805 immo
693 1769 734 1805 in
760 1765 912 1820 reliqua
937 1768 1050 1806 omni
1077 1765 1169 1805 Asia
1195 1777 1234 1805 et
1261 1765 1424 1819 Europa
1449 1763 1540 1804 Urfi
1564 1764 1714 1818 alpinas

193 1823 381 1875 regiones
414 1820 572 1875 semper
600 1820 776 1875 planitiei
806 1820 1051 1876 praeferunt,
1097 1834 1134 1862 et
1159 1821 1291 1861 Lacus
1328 1835 1412 1862 non
1442 1818 1713 1875 frequentant,

195 1879 324 1919 immo
342 1890 418 1918 nee
440 1877 687 1928 fluminibus,
719 1878 789 1918 nisi
801 1876 923 1933 fugae
943 1879 1067 1930 eausa,
1094 1879 1286 1927 innatant.

1602 1932 1714 1975 Ursis

228 2006 270 2045 f)
288 2006 333 2034 Ex
352 2005 478 2035 moribus
490 2005 553 2035 Ursi
567 2006 763 2037 Kamtschatici
786 2017 799 2036 a
815 2009 887 2037 STE
897 2017 911 2036 ι
923 2016 986 2037 tir-:n
996 2017 1012 2035 0
1034 2006 1151 2045 (Bcfihr,
1165 2017 1216 2036 von
1233 2005 1420 2046 Kamtsohatka
1435 2017 1468 2046 p,
1482 2006 1560 2044 113.)
1575 2014 1602 2035 et
1617 2006 1682 2035 item
1699 2016 1714 2036 a

280 2049 305 2075 K
314 2056 328 2076 n
339 2055 376 2075 As
386 2055 403 2076 c
412 2056 432 2076 u
442 2056 488 2076 EN
497 2056 503 2075 ι
512 2048 533 2076 Ν
542 2058 549 2076 ι
559 2058 602 2077 κο
614 2058 669 2077 rio
683 2050 781 2083 relatis,
804 2059 892 2088 paene
906 2050 1106 2078 concluderem
1125 2059 1190 2078 cum
1205 2048 1276 2078 Urso
1291 2049 1449 2077 ame1icano
1463 2048 1552 2086 specie
1565 2048 1714 2080 convenire

278 2089 370 2123 illurn,
393 2088 551 2126 praesertim
564 2099 630 2118 cum
645 2088 751 2128 semper
766 2091 881 2129 nigrnm
900 2091 950 2118 effe
965 2091 993 2119 in
1004 2091 1209 2120 hamul-hazica
1226 2092 1350 2120 colorem
1365 2091 1451 2120 iidem
1463 2090 1592 2123 afferant.
1632 2087 1716 2119 Nou-

276 2129 351 2162 dum
369 2138 464 2159 autem
477 2131 563 2170 pelles
576 2131 643 2162 inde
661 2141 823 2172 comparare
835 2132 928 2172 potui,
951 2133 986 2161 ad
1002 2132 1175 2163 diiucndum
1191 2132 1324 2166 dubium.

968 2214 996 2255 B
