2032 2732
557 213 738 269 πώ
858 215 1070 267 (w)
1182 193 1366 267 ΜΨ

212 310 498 373 squilliformes
513 307 713 350 nostrates
731 305 906 349 caudam
924 318 1037 349 retro
1060 306 1228 365 agendo
1257 307 1574 354 circumnatare,
1611 303 1657 348 ὄε
1672 306 1715 348 in

211 370 344 414 fundo
369 380 500 426 aquae
524 378 594 408 aut
614 366 655 407 in
677 366 766 423 ripa
791 363 922 406 cauda
945 362 1103 406 inflexa
1130 363 1346 422 obrepere.
1414 361 1566 407 Scribit
1586 364 1715 406 etiam

213 429 524 473 STELLERUS,
547 423 761 466 individua
781 422 868 465 dari
920 422 1096 464 uaedam
1115 421 1385 464 mucronibus
1404 419 1626 464 dorsalibus
1645 420 1717 464 de-

211 485 366 532 stituta,
401 496 507 541 quae
526 481 691 524 alterius
709 479 832 524 sexus
849 437 929 523 esse
942 492 1078 538 putat,
1107 478 1180 522 nifi
1199 479 1383 523 diversae
1406 480 1545 538 potius
1567 478 1717 536 speciei

211 542 375 585 fuerint.

324 597 587 656 Exemplum
600 595 720 651 hujus
738 593 894 645 infesti,
945 596 1032 639 uod
1047 595 1152 638 mihi
1169 595 1220 638 ad
1235 598 1403 638 iconem
1420 594 1464 637 &
1481 593 1715 653 descriptio-

207 671 307 699 nem
324 655 482 704 serviit,
511 654 688 698 debetur
706 611 1004 710 dilige72tiffil111o
1021 655 1285 710 olffervatori,
1308 653 1359 695 E.
1377 652 1633 701 LAXMAN,
1661 651 1715 694 ad

207 712 530 756 metallifodinas
548 713 753 756 ulterioris
770 711 967 761 Sibiriae,
997 711 1235 771 praesertim
1250 710 1569 769 kolywanenses
1594 710 1713 752 Verbi

208 774 343 814 divini
360 772 570 824 Affinistro,
595 770 641 813 ἀν
662 773 904 813 Academiae
932 772 1256 826 Petropolitanae
1282 769 1511 822 εοηβῑιηέῖοῑ
1542 769 1576 810 is
1598 768 1714 810 enim

206 843 340 886 nuper
354 827 570 886 pulchram
583 825 842 872 Insestorum
859 829 1044 887 regionis
1055 860 1066 877 ,
1094 829 1135 870 in
1153 842 1234 886 qua
1250 828 1376 876 vivit,
1414 823 1712 868 colleRionem

206 886 261 928 ad
276 886 550 929 Academiam
568 884 694 934 misit,
725 900 904 944 quorum
922 901 946 928 e
964 901 1142 927 numero
1162 884 1336 928 Oniscus
1352 898 1521 943 quoque
1536 882 1712 928 Cancel-

207 943 269 986 lus
285 942 382 994 fuit,
410 958 539 1003 quem
557 944 756 985 Cancrum
774 943 1035 999 baikalensem
1057 942 1280 1001 appellavit
1305 943 1379 985 Vir
1399 942 1652 995 aczttzffi'mus.

602 1049 651 1101 D
689 1051 730 1100 E
766 1052 798 1101 S
836 1052 880 1101 C
916 1052 957 1101 R
992 1053 1013 1102 I
1050 1052 1085 1103 P
1122 1053 1170 1103 T
1206 1053 1228 1103 I
1264 1053 1315 1104 O

436 1133 840 1199 ONISCI
900 1134 1486 1201 CANCELLI.

732 1241 843 1293 Tab.
863 1243 969 1294 HL
999 1244 1106 1311 Fig.
1126 1252 1183 1301 18.

202 1324 482 1406 Magnitudo
503 1348 642 1392 media
664 1349 772 1392 inter
788 1348 1001 1394 Cancrum
1027 1349 1140 1395 Cran
1175 1364 1304 1392 onem
1329 1348 1376 1392 <Sc
1398 1346 1601 1392 Oniscum
1625 1347 1705 1392 Pu-

202 1408 345 1455 licem,
377 1422 571 1465 cum‘quo
589 1405 764 1449 affinitas
781 1405 900 1460 hujus
919 1407 1096 1457 summa,
1128 1365 1173 1451 (ἐ
1193 1408 1486 1465 proportiones
1503 1405 1666 1450 ssmiles.

318 1465 445 1518 Caput
461 1465 599 1513 laeve,
629 1463 768 1507 bucca*v
779 1467 971 1522 utrinque
987 1464 1237 1522 unispinosa,
1271 1465 1383 1507 Oculi
1401 1465 1537 1522 parvi,
1574 1466 1617 1507 in
1643 1466 1704 1507 vi-

201 1537 259 1566 vo
276 1522 540 1579 nigricantes‚
571 1520 831 1570 reniformes,
859 1523 911 1564 ad
927 1520 1037 1564 basm
1054 1535 1328 1565 antennarum
1345 1526 1559 1574 maiorum.
1618 1524 1705 1565 An·

200 1591 344 1631 termae
362 1580 679 1637 approximatae
695 1580 876 1632 majores,
902 1591 1065 1637 praeter
1084 1577 1199 1622 filum
1217 1580 1454 1628 terminale,
1481 1578 1702 1628 setaceum,

200 1641 273 1688 (22
291 1637 573 1688 articulorum)
600 1636 907 1687 triarticulatae‚
945 1638 1122 1680 articulis
1147 1638 1405 1695 cylindricis,
1435 1634 1581 1679 infimo
1604 1636 1702 1680 cras-

198 1692 315 1737 flore.
375 1696 591 1736 Antemnae
608 1694 845 1743 inferiores,
876 1693 1110 1744 breviores,
1146 1697 1254 1738 inter
1271 1695 1356 1737 duo
1372 1694 1585 1738 tubercula
1604 1711 1701 1738 con·

198 1766 333 1800 vexa,
369 1753 705 1810 approximatae,
750 1753 966 1800 incurvae,
1009 1765 1173 1811 praeter
1203 1753 1332 1796 setam
1369 1770 1419 1796 10
1446 1753 1701 1795 articulatam

199 1809 483 1857 terminalem,
524 1810 669 1852 itidem
695 1810 1004 1859 triarticulatae,
1042 1811 1218 1854 articulis
1243 1827 1264 1854 2
1284 1809 1542 1869 longioribus
1569 1811 1699 1867 cylin-

198 1866 340 1914 dricis,
367 1865 523 1909 bafilari
539 1865 797 1915 brevissimo,
828 1868 1022 1922 cuistylzcs
1037 1866 1196 1917 brevis,
1224 1867 1390 1912 obtusus
1404 1867 1540 1911 subter
1557 1869 1698 1914 adstat.

196 1923 310 1966 Inter
329 1924 546 1966 Antennas
569 1940 703 1967 mucro
726 1923 989 1983 compressus,
1020 1927 1215 1969 minutus.
1273 1926 1326 1968 Os
1342 1926 1487 1984 palpis,
1520 1928 1698 1969 brachio·

196 1983 321 2038 lisque
339 1979 501 2023 duobus
516 1983 730 2024 uncinatis.

314 2040 464 2092 Corpus
490 2037 778 2098 compressum.
842 2040 1061 2096 Segmenta
1084 2040 1262 2100 septem,
1306 2043 1348 2084 in
1379 2040 1500 2084 dorso
1523 2040 1695 2085 subcari-

194 2107 312 2144 nata,
349 2096 597 2154 inaequalia,
634 2097 827 2140 lateribus
848 2100 956 2141 utrin
989 2114 1041 2141 ue
1061 2101 1185 2154 spina
1219 2100 1364 2142 conica
1386 2101 1604 2147 muricata‚
1646 2098 1692 2141 ‹Sz

194 2151 317 2196 aufta
330 2154 487 2196 lamella
502 2152 719 2209 seufoliolo
737 2154 924 2206 discreto,
954 2115 1243 2207 descendente,
1273 2157 1509 2201 rotundato.
1546 2158 1692 2212 Spinae

942 2214 988 2257 G
1022 2229 1041 2266 3
1544 2215 1691 2273 quinto
