2032 2732
495 439 1326 557 *ASTACUS

528 569 1413 639 DAUURJCUS-

211 759 436 939 Nota
448 820 516 849 res
534 805 592 850 est
611 807 654 848 in
672 805 824 850 Sibiria
842 804 950 848 ultra
965 804 1149 848 Kamam
1173 805 1349 851 fluvium
1362 807 1554 854 Cancros
1576 810 1717 858 fluvia.

421 864 513 917 tiles
537 864 676 906 nullos
705 864 801 905 dari.
889 863 1049 906 Verum
1081 862 1316 909 observavit
1342 867 1394 910 M
1403 883 1425 909 E
1436 883 1455 909 s
1465 884 1484 910 s
1494 885 1512 910 Ε
1521 885 1544 911 R
1552 885 1571 912 s
1581 885 1603 912 c
1613 886 1641 913 H
1649 889 1681 914 M
1689 889 1719 915 1-

421 936 534 964 mus
556 922 599 963 in
617 921 824 962 Dauus-iae
841 919 1089 979 quibusdam
1104 919 1269 965 fluentis
1287 924 1476 982 copiosos
1493 926 1633 970 denuo
1649 931 1719 972 da-

215 982 268 1028 ri;
297 981 494 1038 idemque
507 982 590 1031 iam
612 993 635 1021 a
651 979 682 1021 S
692 994 720 1020 T
730 993 755 1020 R
766 992 793 1019 A
804 994 822 1019 L
831 993 855 1019 E
864 994 894 1019 M
905 994 925 1020 Β
935 994 985 1020 ER
995 994 1021 1020 G
1030 994 1042 1019 1
1052 994 1079 1020 o
1101 980 1346 1023 adnotatum
1362 981 1449 1025 fuit.
1510 984 1658 1028 Inveni
1675 989 1718 1033 in

214 1037 362 1081 Museo
380 1037 695 1094 Petropolitano
711 1034 933 1093 specimina
947 1035 1067 1089 hujus
1082 1039 1219 1092 Astaci
1236 1039 1438 1082 Daumici
1452 1055 1475 1082 a
1490 1041 1630 1086 Mass
1640 1059 1718 1089 ER-

213 1109 461 1138 scummo
483 1093 639 1141 adlata,
679 1093 861 1150 indeque
887 1094 1012 1136 didici
1041 1110 1201 1137 meram
1224 1094 1305 1138 esse
1329 1097 1518 1140 nostratis
1545 1103 1719 1146 varieta-

212 1163 313 1205 tem,
374 1151 521 1202 Quum
545 1163 686 1193 tamen
711 1148 992 1192 constantibus
1019 1152 1131 1193 notis
1159 1166 1184 1194 a
1209 1153 1372 1211 vulgari
1392 1156 1532 1198 nostro
1557 1157 1719 1205 differat

212 1210 425 1255 Dauurica
442 1210 640 1258 varietas,
671 1222 741 1251 eas
756 1206 851 1250 heic
864 1206 1081 1251 recensere
1099 1225 1187 1251 non
1202 1207 1279 1253 abs
1293 1225 1340 1254 re
1358 1210 1450 1255 fore
1465 1213 1633 1258 credidi.

615 1314 1329 1370 DESCRIPTIO

482 1406 867 1472 CANCRI
930 1407 1078 1472 DA
1096 1408 1467 1477 UURICL

215 1502 382 1569 firma
409 1536 533 1585 atque
555 1527 829 1584 proportione
852 1526 1006 1571 Astaco
1025 1529 1196 1572 nostrati
1221 1530 1375 1574 minori
1401 1531 1615 1590 persimilis
1637 1534 1717 1583 est;

213 1583 370 1629 Differt
388 1596 525 1626 autem
543 1583 803 1642 sequentibus
820 1598 830 1627 :

220 1646 262 1698 1)
290 1641 423 1692 Quod
443 1643 592 1684 thorax
610 1642 667 1685 illi
682 1642 860 1691 laevior,
892 1639 1147 1702 punfflsque
1171 1643 1372 1702 impresfis
1395 1646 1618 1691 rarioribus
1642 1648 1713 1692 ad-

307 1697 481 1756 ‘spersus
503 1698 569 1747 s1t3

214 1760 256 1813 2)
289 1756 421 1808 Quod
438 1756 576 1814 spinae
595 1772 728 1815 prope
748 1758 919 1810 rostrum
938 1757 983 1799 ἀ*
1001 1759 1043 1800 in
1061 1756 1148 1815 ipso
1168 1758 1302 1802 rostro
1319 1761 1440 1818 plane
1465 1762 1602 1806 nullae
1625 1761 1714 1813 smt,

327 1812 398 1857 sed
422 1814 595 1857 rostrum
620 1815 827 1872 triangulo
842 1817 1176 1865 -acuminatum,
1210 1818 1442 1875 integrum,
1472 1832 1598 1879 atque
1617 1837 1713 1864 cum

272 1913 276 1918 ‚
327 1870 569 1914 orbitalibus
587 1872 766 1914 incisuris
785 1873 963 1914 tenuiter
978 1873 1257 1931 marginatum
1274 1873 1332 1919 sit.
1376 1876 1503 1920 Adest
1509 1879 1619 1932 stria
1633 1880 1713 1923 ele-

326 1941 442 1977 vata,
476 1945 549 1987 per
565 1930 752 1972 medium
771 1929 945 1972 rostrum
961 1930 1284 1989 longitudinalis.

217 1988 261 2040 3)
294 1986 467 2028 Brachia
485 1988 530 2029 ὄῑ
549 1988 676 2029 chelae
705 2003 791 2029 non
814 1987 922 2030 adeo
946 1990 1180 2045 prominula
1198 1988 1383 2035 scabritie
1396 1993 1596 2036 muricata
1613 1993 1714 2045 sunt,

328 2055 375 2086 ut
389 2044 431 2085 in
447 2043 691 2087 nostratibus
706 2046 835 2087 etiam
851 2046 1030 2103 parvulis
1039 2063 1055 2093 ·,-
1078 2059 1263 2090 attamen
1281 2051 1388 2098 ulna,
1402 2061 1448 2092 ut
1463 2051 1505 2092 in
1522 2051 1713 2101 nostrate,

329 2100 383 2143 ad
401 2101 557 2144 cristam
584 2100 811 2161 compressa
830 2104 971 2161 ibique
995 2105 1214 2162 aliquoties
1235 2106 1484 2150 denticulata
1498 2108 1579 2157 est3
1623 2108 1712 2152 sub-

331 2170 398 2202 tus
431 2173 534 2203 vero
566 2158 829 2220 biangulata‚
876 2162 1032 2262 angqlo
1068 2163 1270 2207 interiore·
1302 2165 1408 2209 item
1439 2166 1712 2216 denticulato,

1588 2238 1714 2282 quan-
