2032 2732
569 217 748 273 ὕδωρ
867 217 1079 269 (73)
1195 216 1375 273 ’'Qess*

222 313 419 372 gislorum
441 311 678 370 praesertim
704 309 854 352 ovibus
883 309 1063 367 pilorum
1088 309 1208 369 saepe
1232 313 1326 370 plus
1351 312 1408 355 est
1434 327 1561 372 quam
1588 313 1716 358 lanae.

221 371 435 416 Omnibus
453 371 541 412 lana
557 366 785 426 tophosa&
801 368 1005 415 intricata3
1036 368 1078 408 in
1094 369 1342 428 quibusdam
1356 403 1364 418 ‚
1382 373 1599 429 praecipue
1609 374 1718 430 apud

220 429 498 472 occidentales
524 425 760 472 Nomadas,
792 425 861 481 pili
885 423 1134 482 exsuperant
1157 427 1201 469 d:
1228 440 1376 486 tegunt
1392 428 1548 477 lanam,
1579 431 1715 479 rudes,

220 488 484 529 cervinorum
500 483 586 525 fere
603 482 724 525 instar
740 482 942 530 undulati,
970 482 1230 540 copiosiffimi
1250 487 1291 527 in
1317 484 1510 528 lateribus
1537 485 1717 530 thoracis

219 544 264 586 ἀ
282 542 431 588 subtus.
492 541 638 583 Rarius
658 542 765 582 circa
790 539 1017 597 posteriora
1047 541 1089 582 dc
1114 543 1306 599 pulvinar
1336 543 1491 585 caudae
1523 543 1615 587 lana
1640 546 1714 587 lar-

218 603 311 659 gior
326 601 370 642 ἀ
387 599 516 641 rarior
530 598 660 656 pilus;
689 597 813 656 pleris
848 612 898 639 ue
915 596 1072 645 subtus,
1102 601 1209 641 circa
1227 601 1381 642 collum
1399 601 1442 642 <Sc
1460 604 1716 661 uropygium

217 659 321 700 meri
345 658 415 714 pili
443 654 681 702 nascuntur3
722 671 806 713 quo
875 656 1193 698 Amsrorsstx
1232 658 1556 701 teneritudinem
1589 661 1661 718 pili
1692 676 1719 704 a,

217 716 317 757 corii
346 715 545 757 tenuitate
579 713 697 756 locali
728 714 954 760 dexivanti‚
995 728 1124 772 quum
1161 714 1208 755 iis
1238 713 1331 772 ipsis
1361 717 1548 758 maxime
1578 717 1714 775 pilosis

214 773 359 815 ovium
390 770 573 829 partibus
602 772 768 814 tenuior
783 769 828 813 sit
845 772 969 819 cutis,
1009 771 1182 813 minime
1198 770 1313 814 favet
1336 774 1377 825 ί),
1443 773 1552 815 Mihi
1579 777 1715 831 potius

247 831 398 871 rimum
421 830 612 871 omnium
641 829 693 871 ad
716 828 923 886 panniculi
952 827 1106 885 adiposi
1128 828 1173 870 <lc
1204 827 1419 872 cellulosae
1445 829 1716 876 subcutaneae

212 845 403 930 iiabstum
422 885 633 929 diversitas
648 886 829 944 pilorum
845 884 1062 928 referenda
1078 883 1158 928 effe
1173 887 1354 934 videtui-3
1385 887 1511 947 idque
1536 888 1716 933 ferarum

214 945 417 1002 exemplo
450 944 660 991 discimus,
697 958 806 1003 quae
830 955 946 984 tanto
971 943 1196 1000 pulcriore,
1237 945 1428 987 tenuiore
1460 958 1584 1005 atque
1623 949 1716 991 niti-

214 1003 332 1046 diore
355 1001 457 1044 fiunt
479 1002 654 1049 vellere,
687 1013 844 1059 quanto
863 1003 1088 1042 macriores
1106 998 1215 1049 sunt;
1252 1003 1439 1060 itemque
1465 1017 1716 1062 argumento

212 1060 452 1103 animalium
472 1059 586 1101 lardo
615 1057 865 1100 subcutaneo
889 1057 1179 1102 insti-ustorum
1194 1091 1203 1106 ,
1233 1074 1274 1104 v.
1296 1075 1345 1117 gr
1370 1060 1528 1110 Suum,
1555 1061 1715 1106 Phoca-

212 1132 326 1165 rum,
358 1116 583 1164 Ursorum,
624 1128 700 1158 cet.
734 1114 884 1173 quibus
911 1114 1019 1157 setae
1044 1131 1122 1172 pro
1146 1116 1232 1174 pilo
1262 1117 1489 1161 nascuntur.
1548 1120 1716 1164 Deinde

212 1175 309 1216 coeli
332 1174 555 1231 temperies
574 1173 798 1229 plurimum
822 1172 891 1214 hic
911 1172 1044 1219 valet;
1073 1173 1145 1215 Sic
1168 1175 1282 1215 enim
1312 1176 1353 1216 in
1378 1175 1514 1232 alpina
1539 1179 1715 1236 regione

211 1233 421 1274 Davuriae
445 1231 488 1273 ὄε
505 1230 557 1272 ad
574 1227 801 1284 Jeniseam,
833 1228 904 1271 ubi
925 1230 1140 1288 pinguedo
1157 1229 1273 1272 fimul
1297 1231 1476 1274 lanificio
1497 1235 1635 1277 minus
1655 1235 1715 1278 of-

210 1287 315 1336 ficit,
346 1289 473 1347 longe
489 1287 723 1329 molliorem
740 1287 876 1328 lanam
894 1287 1027 1329 induit
1048 1302 1175 1344 pecus
1191 1320 1202 1335 ,
1241 1303 1379 1346 eoque
1406 1302 1566 1333 tantum
1591 1294 1712 1336 vitio-

211 1345 316 1394 sam,
347 1347 461 1406 quod
519 1346 580 1386 ilis
608 1343 805 1402 copiosis,
841 1346 977 1386 minus
1002 1345 1136 1387 cultae
1162 1345 1313 1388 indolis
1338 1347 1516 1395 indiciis,
1553 1350 1715 1409 impura

209 1402 268 1446 sit.
289 1429 346 1436 -
403 1403 451 1446 In
472 1361 680 1460 ffiirgificis
696 1400 847 1444 ovibus
866 1400 1007 1444 causae
1022 1401 1139 1460 pilosi
1157 1402 1318 1445 habitus
1338 1404 1572 1461 oppositae,
1604 1423 1713 1467 quae

209 1460 434 1504 Islandicas
463 1473 587 1518 atque
612 1458 891 1508 Guineenses‚
934 1458 1112 1517 oppositi
1137 1461 1311 1503 climatis
1340 1463 1546 1512 alumnas,
1585 1463 1714 1509 hirtas

210 1518 429 1561 reddidere
442 1550 451 1565 ,
481 1518 646 1559 alternis
666 1517 823 1559 vicibus
840 1531 1082 1574 operantur:
1116 1519 1284 1561 Aestate
1304 1518 1408 1561 fitim
1427 1522 1522 1563 coeli
1536 1520 1713 1584 solisque

210 1575 406 1618 ardorem
427 1574 633 1618 summum
650 1575 692 1616 in
710 1574 834 1632 plano
851 1574 998 1618 deserti
1017 1573 1224 1618 aridiliimi
1237 1592 1441 1637 aequore,
1475 1594 1551 1636 per
1575 1596 1712 1639 reper-

1580 1637 1712 1683 cussos

258 1740 303 1776 i),
315 1739 439 1767 Axisr.
465 1737 498 1766 de
513 1735 572 1775 hist.
587 1737 673 1766 anim.
688 1737 750 1766 Lib.
768 1738 820 1767 ΙΙΙ.
835 1745 895 1776 cap.
913 1748 950 1767 10.
966 1738 1009 1774 (e.
1024 1737 1092 1768 vei-II
1109 1738 1240 1776 Gazae):
1260 1740 1473 1775 Crassitudinis,
1493 1744 1653 1778 tenuitatis,
1669 1755 1715 1775 co=

292 1781 357 1819 piae
372 1782 398 1808 ὅ(
418 1779 623 1817 magnitudinis
638 1780 763 1818 pilorum
779 1778 939 1809 discrimina
955 1790 1006 1818 pro
1022 1781 1143 1819 partium
1158 1781 1264 1819 quibus
1278 1782 1431 1813 adbaerent
1445 1785 1610 1815 conditione
1626 1795 1712 1825 atque

293 1831 346 1860 pro
360 1823 431 1850 cutis
446 1822 578 1859 qualitate
593 1822 773 1859 proveniunt.
816 1822 858 1851 Fit
873 1823 950 1850 enim
968 1832 1074 1860 magna
1086 1833 1123 1851 ex
1141 1832 1236 1860 parte,
1258 1832 1291 1853 ut
1305 1825 1353 1862 pili
1367 1826 1395 1853 ἅ
1414 1825 1544 1856 duriores
1564 1830 1590 1857 8<
1605 1828 1713 1859 craffio·

293 1873 336 1891 res
353 1864 409 1892 cuti
424 1862 552 1891 crassiore
565 1861 744 1897 enascantur;
767 1864 861 1901 plures
879 1872 973 1892 autem
989 1864 1134 1903 longiores
1152 1864 1364 1895 humidioribus
1379 1867 1447 1895 locis
1460 1876 1548 1906 atque
1568 1870 1712 1900 cavatiori-

294 1905 347 1933 bus
363 1904 546 1939 (dummodo
563 1903 615 1933 {int
630 1905 665 1933 ad
680 1904 861 1943 gignendum
879 1906 969 1944 pilum
986 1905 1101 1939 idonei)
1119 1905 1270 1944 prodeunt.
1314 1909 1377 1936 Hoc
1392 1908 1469 1937 idem
1484 1909 1632 1948 degenere
1642 1923 1713 1951 quo·

295 1956 350 1984 que
364 1954 419 1974 tam
435 1944 548 1983 sliu-‘nna
563 1947 687 1979 munito,
711 1956 797 1985 quam
813 1948 926 1980 corrice,
941 1947 1100 1986 intelligere
1116 1948 1187 1976 licet.
1230 1951 1310 1988 Quae
1327 1949 1416 1987 igitur
1430 1952 1529 1980 molles
1552 1951 1649 1992 suapte
1666 1965 1709 1983 na·

293 1996 356 2016 tura
371 1987 444 2025 pilus
456 1987 559 2016 habere
573 1986 678 2020 solent,
703 1987 770 2017 haec
785 1998 836 2027 per
848 1987 931 2017 usum
947 1988 1043 2027 pabuli
1058 1990 1182 2018 melioris
1197 1989 1326 2020 duriores
1341 1991 1483 2030 incipiunt
1504 2004 1618 2032 ἕσται-ες
1643 2006 1710 2025 con·

294 2036 335 2057 tra
353 2037 446 2057 autem
462 2028 604 2057 molliores
615 2030 822 2068 paucioresque
836 2039 885 2064 en,
903 2039 977 2069 quae
997 2031 1084 2060 duros
1101 2030 1290 2071 copiososque
1307 2032 1473 2067 habuerint,
1491 2035 1591 2064 cadem
1608 2036 1710 2067 scilicet

295 2071 341 2099 illa
360 2070 476 2098 ratione.
519 2070 679 2107 Regionum
695 2072 780 2100 etiam
797 2080 925 2111 tempore
943 2081 990 2102 aut
1006 2071 1113 2111 frigore
1129 2072 1289 2103 differentia
1305 2074 1359 2108 est,
1383 2083 1416 2104 ut
1434 2077 1483 2114 pili
1506 2076 1656 2107 hominum
1671 2080 1710 2107 lo-

294 2113 331 2141 cis
346 2111 441 2140 calidis
456 2110 535 2143 duri,
555 2110 665 2149 frigidis
681 2113 781 2142 molles
799 2114 944 2145 oriuntur,
983 2115 1057 2152 (Sed
1080 2124 1139 2143 non
1155 2124 1236 2145 norat
1258 2115 1413 2155 Aristoteles
1435 2118 1464 2146 in
1488 2116 1599 2149 summo
1624 2120 1709 2150 borea

293 2152 494 2192 Lapponibus,
518 2152 688 2188 Snmojedis,
709 2155 882 2185 Gronlandis
901 2157 975 2195 pilos
990 2156 1100 2196 rigidos
1114 2163 1198 2195 atque
1212 2158 1384 2196 nigerrimos
1399 2157 1519 2190 crescere
1527 2161 1550 2199 ).

269 2206 400 2262 spicil.
425 2205 588 2262 Zoolog.
608 2204 796 2261 FafinXI.
1106 2207 1144 2251 K
