2032 2732
589 237 770 294 Qeffl‘
889 237 1101 291 (11)
1219 238 1402 295 Qffl

244 336 392 381 infimo
411 336 572 378 diruere
587 332 871 391 neglexerint,
899 330 1066 375 bulbosa
1083 332 1150 375 sua
1168 335 1298 377 cauda
1315 334 1359 377 ὅε
1377 333 1521 379 inflato
1541 347 1633 380 toto
1655 353 1744 382 cor-

243 411 347 454 pore
365 396 420 436 ita
435 392 605 439 obsistit,
632 404 677 433 ut
693 407 779 433 non
804 388 877 431 nisl
895 389 1051 433 lacerus
1082 391 1249 435 extrahi
1272 390 1404 451 possit.
1464 395 1560 437 Hac
1585 397 1746 441 ratione

243 455 334 497 satis
353 449 517 509 copiose
542 450 683 508 colligi
702 447 833 491 solent
849 446 892 489 hi
918 447 1136 491 Lumbrici
1166 450 1210 492 <Sc
1231 453 1284 492 ad
1313 450 1451 495 cibum
1474 457 1608 512 parari
1627 456 1743 498 vario
1800 498 1809 509 ,.

243 512 395 558 modo,
426 508 494 550 vel
514 506 585 550 soli
608 504 719 550 costi
738 522 834 549 cum
856 506 951 548 allio
982 518 1200 549 ternatano
1224 520 1349 567 atque
1365 525 1468 568 garo
1488 513 1657 568 (Sooy),
1674 513 1750 557 vel‘

238 570 326 611 aliis
342 567 522 610 admixti
546 565 722 608 ferculis.
788 566 954 623 Dignae
984 564 1265 608 Orientalium
1295 567 1433 624 palato
1460 570 1679 628 cupediae,
1698 570 1743 614 ὄε

237 625 354 669 coffis
385 626 676 668 Romanorum
710 636 837 685 atque
863 621 1219 667 Surinamensium
1248 622 1550 670 hodiernorum
1575 644 1743 689 compa-

237 685 403 728 rand-ae.

356 744 442 784 Vix
465 740 611 784 dubito
642 741 827 784 eundem
855 740 1039 783 nostrum
1067 738 1148 783 esse
1170 740 1239 784 vel
1271 739 1440 786 affinem
1466 741 1741 791 Lumbricum

234 817 362 861 quem
382 802 488 843 inter
512 800 703 842 animalia
720 798 1092 858 Philippinensium
1119 798 1342 842 Insularum
1368 801 1551 845 recenset
1572 805 1740 848 Cimi-

233 874 317 901 Lus
341 861 463 915 (AH.
489 860 634 914 anglic.
654 860 734 900 vol.
762 868 827 901 26,
846 860 929 900 No.
960 870 1052 912 318.
1071 868 1112 913 p.
1136 870 1253 910 248„
1289 861 1493 903 Tamln‘loc
1517 862 1740 916 Indorum)

231 932 445 977 quemque
464 915 641 974 speciem
667 916 896 958 Tere-dinis
917 915 1036 963 dicit,
1064 917 1318 965 maximam,
1353 919 1587 964 auricularis
1618 922 1739 980 digiti

231 973 401 1017 cralsitie
436 975 480 1016 ὄε
510 973 567 1016 'ad
601 973 922 1039 sesquicubitum
949 972 1088 1030 saepe,
1124 986 1171 1015 ut
1193 974 1353 1023 ferunt,
1384 976 1574 1034 longam,
1612 979 1739 1038 lignis

230 1033 272 1074 in
291 1034 428 1075 littore
450 1030 878 1090 computrescentibus
905 1031 1205 1081 innascentem,
1242 1032 1353 1075 unde
1370 1034 1597 1081 extrahunt
1623 1038 1668 1083 <32
1692 1040 1737 1085 in

227 1088 369 1134 cibum
385 1102 554 1134 vertunt
581 1091 674 1132 lndi
696 1089 918 1132 Luzoniae
942 1088 986 1131 &⁷
1008 1089 1285 1142 adjacentium
1300 1090 1536 1136 Insularum.

618 1197 668 1246 D
705 1197 747 1246 E
783 1196 815 1246 S
853 1196 896 1245 C
932 1196 972 1246 R
1007 1197 1028 1245 Ι
1064 1197 1100 1246 Ρ
1135 1197 1184 1247 Τ
1222 1198 1241 1247 Ι
1283 1198 1333 1247 O

422 1280 1020 1348 LUMBRICI
1076 1280 1226 1346 ED
1258 1281 1525 1350 ULJS.

781 1390 891 1441 tlzzb.
918 1391 955 1441 I.
991 1391 1097 1458 Fzg.
1133 1406 1173 1454 7.

220 1475 502 1555 ¹ZWagnitmz'o
525 1498 614 1542 fere
642 1499 823 1557 pedalis,
864 1499 1055 1552 craffities
1085 1514 1251 1563 pennae
1281 1500 1502 1546 anserinae.
1575 1507 1726 1563 Corpus

222 1558 517 1616 cylindricum‚
537 1558 699 1616 aequali
714 1556 802 1600 fere
819 1555 973 1616 ubique
993 1556 1183 1606 crassitie,
1201 1560 1332 1602 altera
1348 1563 1617 1607 extremitate
1634 1565 1722 1609 sub-

219 1618 424 1660 clauatum
439 1616 555 1657 bulbo
574 1615 799 1663 terminali,
831 1615 964 1663 ovali,
995 1613 1232 1658 breuissimo
1250 1619 1279 1672 (
1267 1618 1345 1673 fig.
1358 1634 1394 1672 7.
1416 1621 1481 1674 a.)
1508 1623 1641 1665 altera
1663 1636 1724 1667 at-

218 1686 434 1717 tenuatum
457 1674 498 1714 in
526 1675 754 1728 portionem
780 1674 898 1715 initio
921 1670 1187 1730 subrugosam
1205 1676 1234 1730 ζ
1223 1675 1301 1731 fig.
1323 1690 1357 1729 7.
1375 1677 1434 1731 b.)
1449 1682 1721 1726 extremitate

218 1733 359 1775 denuo
375 1731 605 1779 dilatatam,
637 1743 763 1774 extus
787 1743 921 1773 totam
945 1732 1106 1789 papillis
1131 1734 1289 1776 carneis
1307 1733 1525 1785 confertis,
1563 1752 1640 1796 per
1663 1738 1721 1784 se.

156 1791 158 1793 ’
217 1792 298 1833 ries
321 1788 570 1832 transversas
597 1788 784 1847 digestis,
819 1788 888 1831 seu
913 1789 1020 1831 villis
1043 1791 1202 1832 carneis
1232 1789 1525 1836 oblitiffimam.
1595 1796 1719 1842 Haec

216 1849 355 1907 portio
383 1850 453 1894 8¹¹‘.
477 1848 636 1890 circiter
657 1847 716 1890 est
740 1847 1022 1911 longitudine,
1080 1849 1324 1891 terminatur
1357 1865 1408 1892 ue
1428 1867 1495 1894 ore
1518 1855 1718 1912 papillati,

215 1906 356 1950 cincto
378 1921 481 1964 ruga
505 1904 686 1948 subtilius
709 1901 955 1947 villoliffima
983 1907 1012 1961 (
1005 1905 1084 1962 fig
1105 1922 1143 1960 7.
1165 1907 1208 1961 ).
1270 1865 1366 1951 viiii
1390 1910 1529 1953 versus
1554 1926 1720 1971 partem

215 1963 403 2006 olabram
426 1964 612 2021 corporis
635 1961 780 2005 sensim
803 1962 1042 2007 notabiliter
1068 1968 1246 2017 majores
1273 1967 1469 2011 euadunt.
1528 1970 1576 2012 ln
1602 1970 1717 2016 bulbi

233 2022 448 2064 ummitate
467 2023 637 2079 castulum
653 2021 818 2064 videtur
844 2019 980 2064 adesse
1004 2023 1047 2064 in
1071 2020 1294 2080 specimine
1312 2024 1470 2075 nostro,
1501 2024 1569 2070 sed
1589 2027 1713 2074 firmi-

215 2094 279 2124 ter
295 2078 471 2121 clausum
490 2079 547 2122 est
567 2080 611 2122 ἀ
630 2092 800 2138 apparet
816 2091 883 2122 tan
918 2095 1014 2122 uam
1032 2081 1204 2138 gemina
1224 2083 1385 2141 papilla.
1446 2086 1575 2129 Porus
1598 2101 1714 2133 nota-

214 2139 307 2183 bilis
331 2137 383 2179 ad
399 2138 559 2179 initium
576 2139 781 2196 portionis
800 2138 897 2180 villo
915 2153 973 2181 ae.
1033 2139 1193 2180 Annuli
1215 2142 1401 2199 corporis
1428 2142 1536 2186 inter
1551 2159 1713 2202 partem

214 2193 399 2243 villosam
421 2194 465 2239 ἀ
487 2194 660 2241 bulbum
673 2197 834 2240 circiter
853 2206 947 2250 278.
963 2195 1067 2296 l{tria
1092 2198 1277 2242 annulari
1300 2200 1487 2252 diremti,
1521 2217 1546 2245 a
1567 2205 1712 2247 medio

1031 2269 1053 2298 2
1593 2264 1708 2308 exrci—
