2032 2732
575 245 733 302 ’Ξῆᾱὲ
847 247 1059 301 (29)
1180 248 1340 306 '2³0ss&

192 342 272 388 effe
299 352 532 389 autumant,
563 339 680 398 gustu
704 341 965 390 acerrimam,
999 357 1126 403 quam
1152 343 1227 385 Cel.
1256 343 1300 386 P.
1324 344 1552 396 Cussoxxr,
1590 345 1714 388 Bota-

190 405 306 444 nicus
334 395 662 456 Monspelienfis,
705 398 769 439 cui
794 413 889 440 eam
913 415 1008 442 cum
1034 401 1122 444 aliis
1152 402 1329 444 tataricis
1353 402 1398 445 <Sc
1422 401 1611 452 sibiricis,
1636 418 1714 460 pro

189 459 338 517 Opere
388 457 473 499 uod
493 455 546 498 de
565 452 816 498 Umbellatis
844 457 1031 505 molitur,
1060 461 1388 508 communicavi,
1417 473 1614 518 tanquam
1641 476 1717 502 no-

188 532 285 561 vam
300 473 509 558 deliribet.
569 512 783 572 Equidem
800 512 906 557 haec
921 515 1060 570 planta
1074 518 1117 558 in
1134 515 1301 560 desertis
1320 517 1619 561 australioribus
1638 519 1715 561 vix

187 588 370 632 unquam
387 569 459 613 nist
477 569 710 628 praemorsa
729 571 773 613 dc
791 570 967 630 depastis
993 572 1102 615 foliis
1119 576 1295 617 occurrit
1307 608 1316 624 ,
1347 575 1416 618 sed
1438 577 1563 618 etiam
1589 591 1713 634 prop-

186 645 250 675 ter
267 630 482 673 ardentem
500 629 769 671 aromaticam
785 630 1026 688 qualitatem
1043 630 1323 688 aphrodisiaca
1341 631 1420 675 esse
1439 635 1615 675 omnino
1639 648 1711 676 ne-

184 693 292 749 quit,
321 688 454 729 immo
470 702 493 729 a
505 685 774 731 Nomadibus
791 702 887 730 vere
905 704 984 747 pro
1002 689 1245 731 stimulanda
1261 692 1570 747 potentia-virili
1595 690 1710 733 atthi-

182 746 303 792 betur
316 750 374 796 p).
431 746 536 789 Non
557 759 696 788 autem
714 743 839 788 solam
857 744 1050 789 salacitati
1068 748 1289 805 Salgarum
1306 746 1494 805 prodesse
1515 748 1711 797 dixerim,

182 820 278 848 cum
293 804 543 845 aromaticae
559 803 744 860 plantae,
773 803 922 864 quibus
941 806 983 846 in
1007 819 1164 862 genere
1180 804 1418 863 pascuntur,
1449 821 1598 847 omnes
1618 806 1711 847 illuc

181 862 370 909 tendant,
400 860 622 921 faveatque
641 860 728 903 salis
747 861 901 919 largior
922 862 1014 904 usus
1033 888 1091 893 —-
1148 863 1351 905 Radicem
1376 878 1399 906 a
1421 864 1559 921 Sa'igis
1581 862 1710 905 effodi

179 920 357 967 Martio,
377 933 470 977 quae
486 919 556 961 vel
575 919 708 961 odore
725 918 941 962 libidinem
959 921 1139 969 excitet,
1163 921 1222 962 u¹ti
1239 920 1708 977 SchneehergemsGEs-

179 993 315 1022 NERO
332 977 546 1024 retulerat,
572 991 711 1035 neque
737 976 878 1019 audivi
901 992 1106 1038 unquam.
1138 992 1277 1036 neque
1300 978 1477 1021 Martius
1502 993 1709 1021 venereus

181 1036 238 1080 est
253 1037 324 1079 Sa‘i
350 1050 473 1076 *arum
499 1032 660 1076 mensis.
719 1035 825 1075 Non
850 1036 985 1093 magis
1013 1032 1230 1077 confimari
1254 1036 1378 1078 audio
1400 1051 1535 1078 mares
1564 1050 1707 1094 orgas·

178 1110 252 1136 mo
272 1109 329 1135 ex
345 1091 497 1134 laustos
515 1107 589 1148 per
604 1089 930 1147 nycthemerum
947 1092 1194 1135 semanimes
1206 1097 1362 1146 jacere,
1396 1092 1468 1135 nisi
1492 1094 1707 1151 degustata

178 1149 309 1192 herba
325 1150 506 1208 quadam
530 1148 788 1191 restituantur
801 1164 811 1196 ;
844 1150 961 1209 quod
982 1165 1005 1192 e
1031 1150 1205 1192 Litteris
1227 1152 1272 1193 L.
1295 1153 1470 1193 Bnronis
1493 1154 1541 1193 de
1562 1152 1704 1193 B'allcz

176 1208 298 1251 Idem
318 1207 494 1266 reliquit.

289 1266 496 1311 Feminae,
526 1275 614 1305 tota
632 1262 793 1320 hyeme
815 1267 1038 1320 gravidae,
1069 1266 1233 1322 pariunt
1257 1265 1476 1326 postquam
1494 1268 1535 1308 in
1557 1264 1704 1309 borea·

174 1324 277 1367 liora
300 1321 447 1365 deserti
464 1321 713 1379 migrarunt,
742 1333 837 1363 ante
862 1323 1049 1364 medium
1072 1323 1171 1376 Maji
1196 1322 1367 1372 mensis,
1396 1325 1596 1366 {officiarios
1617 1326 1702 1382 ple-

173 1395 349 1438 rumque
367 1379 523 1436 pullos;
554 1390 599 1420 ut
618 1380 767 1420 mirum
787 1377 834 1421 sit
850 1378 1028 1436 speciem
1046 1381 1153 1423 adeo
1173 1381 1435 1424 numerosam
1463 1383 1700 1440 propagari.

174 1441 305 1482 Haedi
324 1439 454 1495 prima
469 1435 559 1493 post
586 1437 847 1478 nativitatem
874 1437 962 1486 die,
992 1438 1050 1479 uti
1080 1438 1338 1496 Caprearum
1364 1439 1544 1488 hinnuli,
1580 1439 1699 1482 humi

174 1496 345 1543 cubant,
376 1507 554 1536 matrem
574 1492 686 1552 sequi
709 1495 915 1552 impotes,
945 1494 1177 1556 crebroque
1193 1512 1245 1538 eo
1264 1497 1364 1539 statu
1385 1496 1436 1540 ab
1460 1497 1609 1539 accolis
1629 1497 1698 1539 de-

174 1555 268 1599 serti
290 1567 415 1595 manu
438 1552 663 1609 capiuntur..
747 1552 958 1594 Plurimos
988 1554 1194 1605 ejusmodi
1223 1552 1332 1597 lacte
1359 1555 1559 1597 educatos
1583 1556 1697 1597 varia

172 1625 292 1657 aetate
311 1623 649 1666 comparaveram
660 1641 670 1657 ‚
702 1624 832 1668 quum
848 1616 976 1665 (anno
1001 1626 1017 1652 1
1029 1616 1143 1664 769.)
1159 1611 1211 1652 ad
1231 1612 1448 1654 San-raram
1465 1612 1510 1654 ὗε
1527 1612 1697 1666 ]3ϊ1ωῐῃ

170 1674 249 1715 iter
268 1669 468 1717 facerem,
499 1681 522 1709 e
569 1665 688 1709 uibus
703 1679 879 1724 quatuor
894 1683 951 1709 ex
981 1682 1101 1726 aequo
1127 1669 1255 1711 utrius
1290 1684 1341 1712 ue
1369 1669 1491 1712 sexus
1515 1670 1603 1713 vivi
1619 1669 1695 1712 Pe-

167 1726 351 1786 tropolin
369 1681 732 1768 devecticluerunt.
793 1725 853 1766 Hi
873 1726 1016 1782 primis
1037 1726 1133 1768 vitae
1147 1726 1275 1769 mensi
1309 1743 1355 1769 us
1381 1728 1468 1785 pil-3
1490 1727 1627 1775 molli,
1651 1728 1697 1770 in

170 1786 348 1831 vertice,
389 1783 551 1826 cervice
578 1781 621 1823 <Sc
647 1780 767 1824 dorso
789 1784 930 1839 agnini
953 1781 1074 1825 instar
1099 1783 1295 1841 crispulo,
1321 1785 1568 1843 lanuginem,
1595 1782 1720 1846 gryss

168 1845 236 1888 seo
256 1839 504 1885 fuscescente
532 1840 737 1897 gaudent,
765 1855 851 1897 quo
878 1841 1050 1882 tutiores
1066 1840 1120 1884 ab
1141 1841 1370 1884 oestrorum
1386 1843 1594 1901 progenie
1612 1840 1693 1885 eise

171 1912 336 1962 queant.
393 1899 497 1942 Non
515 1910 654 1940 tamen
671 1912 819 1940 omnes
837 1912 859 1939 a
883 1900 1024 1941 Larvis
1043 1897 1197 1941 liberos
1219 1899 1498 1958 deprehendi,
1528 1899 1694 1957 praeser·

167 1963 242 2004 tim
266 1956 403 2000 adulta
428 1955 576 2001 aestate.
606 1970 734 2013 quum
752 1967 977 1998 connatum
1002 1956 1137 1999 vellus
1161 1956 1306 2000 sensim
1329 1956 1493 2010 defluit,
1525 1958 1692 2001 subnas‘

168 2030 288 2063 cente
311 2013 394 2072 pilo
418 2009 677 2063 brevissimo,
709 2013 927 2071 laevigato,
969 2014 1134 2116 qgalem
1157 2014 1284 2058 adulti
1309 2030 1443 2060 verno
1468 2020 1553 2070 jam
1583 2028 1689 2058 tem-

1064 2087 1086 2125 3
1584 2087 1690 2130 pore

202 2184 241 2226 p)
261 2182 315 2213 Sic,
329 2181 378 2209 ΚΑ
388 2190 403 2208 ε
413 2189 507 2208 MPFE
519 2188 535 2207 R
546 2189 565 2208 ο
579 2178 656 2213 teste,
666 2189 680 2207 a
693 2181 789 2209 Ferulfl
800 2179 869 2210 Asse
883 2180 1006 2211 foetidae
1021 2182 1062 2211 vel
1082 2181 1161 2211 affini
1178 2182 1300 2222 quadam
1317 2182 1411 2221 planta
1424 2203 1432 2215 ‚
1455 2190 1526 2220 quae
1541 2180 1608 2210 locis
1624 2181 1687 2219 qui-

243 2223 365 2254 busdam
381 2223 475 2252 minus
489 2221 593 2253 foetida
608 2223 758 2261 provenire
771 2222 876 2254 dicitur
885 2244 893 2259 ‚
914 2232 1001 2262 pecus
1017 2223 1177 2255 admodum
1195 2224 1346 2256 restaurari.
1367 2225 1394 2255 δε
1410 2223 1587 2255 foecundum
1603 2221 1686 2256 reddi

244 2267 360 2298 dicitur.
