2032 2732
616 224 797 285 *Nost*
916 227 1135 282 (22)
1252 226 1435 286 Qoffl

271 327 469 374 ambulat,
485 323 529 367 ἃ
540 322 693 383 ubique
734 337 779 366 er
787 322 948 367 medias
958 337 1084 382 aquas
1094 323 1358 367 undulatorio
1370 324 1440 368 suo
1449 335 1567 369 motu
1578 324 1669 371 satis
1681 330 1784 373 cele-

269 388 368 429 riter
389 384 522 427 currit.
584 382 684 425 Vim
714 382 897 431 'entiens‚
928 393 973 424 ut
999 381 1044 424 δι
1071 380 1304 441 quiescens,
1343 383 1601 428 contrahitur
1619 386 1707 442 (fig.
1726 388 1784 444 b.)

218 455 221 457 “
270 445 360 488 imo
378 440 641 485 convoluitur
655 438 774 498 saepe
791 451 915 498 atque
935 454 959 482 e
977 440 1073 482 loco
1091 438 1130 484 se
1149 441 1305 494 dejicit,
1329 443 1530 501 varioque
1546 444 1678 487 modo
1696 460 1785 487 cor-

302 517 349 544 us
367 501 600 558 detorquet.
658 498 927 556 Propagandi
945 498 1122 542 modum
1139 497 1359 543 obseruare
1379 516 1464 542 non
1482 503 1611 558 potui.
1654 503 1781 545 Vero-

270 518 476 605 'simillime
499 571 641 600 tamen
670 555 1056 614 hermaphroditica
1079 555 1170 600 sunt
1191 555 1297 600 haec
1319 559 1573 602 animalcula.
1645 560 1785 618 Saepe

273 614 539 664 transverfim
560 631 583 658 e
603 613 817 674 proposito
834 612 989 664 secaui,
1021 615 1091 659 vel
1111 614 1155 658 ἀ
1180 615 1378 666 laceraui,
1409 631 1623 676 nunquam
1640 630 1784 661 tamen

270 676 362 722 satis
388 676 458 718 diu
478 673 654 732 satisque
681 670 994 731 perseveranter
1016 673 1069 716 ad
1099 671 1363 718 dissectarum
1389 675 1631 732 portionum
1652 676 1783 719 incre-

271 746 464 780 mentum
484 731 712 775 adtendere
729 731 859 788 potui.
919 731 1120 790 Aliquam
1138 732 1438 775 restitutionem
1455 734 1671 776 anterioris
1689 749 1783 792 por-

271 794 397 838 tionis
413 790 633 851 aliquoties
651 787 881 832 observavi.
920 788 1015 832 Imo
1032 787 1158 831 semel
1173 789 1243 832 diu
1261 788 1518 833 adservatam
1540 794 1783 848 portionem

266 854 448 896 anticam
474 848 645 891 tandem
661 846 753 905 post
774 846 953 904 plurium
969 846 1133 889 dierum
1157 848 1420 890 intervallum
1444 846 1683 904 inspiciens,
1712 850 1783 892 de-

268 906 432 954 fectum
458 907 500 949 in
521 907 733 962 integrum
759 901 968 945 restituisse
992 905 1099 954 vidi,
1136 917 1364 964 renataque
1389 919 1484 962 pars
1509 906 1642 948 multo
1668 919 1783 950 tene-

271 968 375 1016 rior,
402 963 647 1023 pellucidior
679 976 731 1003 ue
756 961 1010 1021 aliquamdiu
1036 960 1184 1004 mansit
1212 962 1373 1021 reliquo
1399 977 1587 1020 corpore.
1655 964 1783 1008 Posti-

271 1040 364 1068 cam
383 1023 622 1081 portionem
640 976 889 1079 plerumque
902 1017 1083 1077 periisse,
1112 1035 1252 1079 neque
1278 1035 1464 1081 unquam
1480 1020 1689 1078 pullulasse
1709 1021 1784 1066 ob-

273 1081 444 1126 servavi.

385 1139 523 1182 Datur
539 1137 581 1179 in
597 1136 713 1197 aquis
760 1134 978 1185 urioribus,
991 1136 1043 1178 ad
1053 1134 1335 1194 Nympheam
1346 1135 1595 1193 praesertim.
1622 1137 1783 1181 Fascio-

272 1199 337 1243 lae
352 1195 508 1256 species
529 1194 627 1236 huic
643 1209 716 1249 per
736 1195 880 1240 anilis,
904 1193 977 1233 nifi
996 1195 1111 1248 quod
1136 1195 1262 1248 paulo
1291 1194 1411 1234 latior
1436 1192 1503 1242 sit,
1539 1205 1711 1255 totaque
1729 1196 1784 1239 la-

272 1255 387 1303 Rea,
412 1263 576 1311 praeter
600 1263 729 1293 venas
751 1247 1278 1306 gryleo-brunnescenteS.
1348 1250 1473 1292 Hanc
1501 1249 1661 1309 semper
1686 1267 1782 1295 cum

271 1312 456 1359 Fasciola
475 1308 666 1365 hepatica
684 1307 925 1351 animalium
941 1305 1122 1350 eandem
1140 1304 1220 1350 esse
1238 1307 1408 1357 credidi,
1423 1328 1426 1330 “
1440 1308 1606 1369 alioque
1625 1310 1720 1355 loco
1736 1310 1782 1359 ἁ

272 1382 466 1430 tempore
482 1364 720 1411 describam.

674 1448 1378 1500 DESCRIPTIO

512 1522 1069 1592 FASCIOLAE
1133 1522 1542 1590 FUSCAE.

778 1623 889 1674 Tab.
913 1625 954 1674 J.
990 1625 1230 1691 Fig.13.a.
1252 1623 1293 1674 b.

280 1697 455 1775 Corpus
471 1715 957 1775 oblongo-lanceolatum
968 1747 979 1764 ,
1010 1717 1146 1759 antice
1162 1714 1623 1760 truncato-subretusum
1633 1749 1644 1767 ,
1659 1718 1780 1777 posti-

277 1794 327 1823 ce
343 1788 510 1821 acutum
524 1807 534 1824 ‚
562 1776 732 1834 planum
743 1805 753 1823 ,
782 1772 994 1817 mutabile.
1202 1788 1212 1793 ‘⁷

396 1834 512 1876 Color
537 1834 664 1875 totius
680 1831 835 1880 fuscus,
865 1832 985 1874 venis
1001 1830 1286 1890 opacioribus,
1315 1832 1463 1889 nigris,
1479 1830 1662 1881 ramofiS,
1691 1834 1780 1892 pin-

276 1893 408 1939 natim
438 1888 656 1948 dispositis,
681 1890 869 1932 maxime
885 1890 928 1931 in
949 1890 1145 1931 anteriori
1161 1890 1347 1946 corporis
1363 1901 1490 1946 parte.

392 1950 442 1992 In
461 1949 598 1990 antica
612 1947 880 1991 extremitate
897 1946 1040 1989 medio
1050 1949 1204 2002 pzmesta
1220 1948 1304 1989 duo
1330 1947 1642 2005 approximata‚
1674 1963 1781 2011 quae

362 2023 387 2051 e
403 2004 549 2049 oscula.
1624 2034 1631 2040 .

277 2009 362 2057 fort
393 2065 542 2106 Sabim
564 2060 703 2105 versus
730 2060 956 2119 posteriora
978 2061 1020 2102 in
1048 2060 1192 2104 medio
1219 2059 1351 2103 viscus
1376 2060 1566 2121 oblongo
1583 2062 1780 2112 -lineare,

277 2122 478 2171 albicans,
498 2121 691 2178 utrinque
709 2120 830 2163 venis
861 2117 1172 2177 subpinnatum‚
1204 2119 1247 2161 in
1270 2135 1355 2179 quo
1373 2117 1528 2176 punehz
1549 2121 1654 2170 duo,
1682 2121 1777 2163 alte-

278 2197 373 2228 rum
389 2191 485 2224 ante
502 2178 697 2225 alterum;
720 2191 771 2220 an
787 2177 939 2235 pariter
953 2178 1074 2235 pori?
1104 2191 1157 2220 an
1173 2177 1405 2235 genitales?
1646 2234 1759 2278 ΕΑΒ
