<?xml version="1.0" encoding="UTF-8"?>
<!DOCTYPE html PUBLIC "-//W3C//DTD XHTML 1.0 Transitional//EN"
    "http://www.w3.org/TR/xhtml1/DTD/xhtml1-transitional.dtd">
<html xmlns="http://www.w3.org/1999/xhtml" xml:lang="en" lang="en">
 <head>
  <title>
</title>
<meta http-equiv="Content-Type" content="text/html;charset=utf-8" />
  <meta name='ocr-system' content='tesseract 3.04.00' />
  <meta name='ocr-capabilities' content='ocr_page ocr_carea ocr_par ocr_line ocrx_word'/>
</head>
<body>
  <div class='ocr_page' id='page_1' title='image "./spicilegiazoolog914pall_0245.png"; bbox 0 0 2032 2732; ppageno 0'>
   <div class='ocr_carea' id='block_1_1' title="bbox 204 228 1708 1706">
    <p class='ocr_par' dir='ltr' id='par_1_1' title="bbox 563 228 1363 288">
     <span class='ocr_line' id='line_1_1' title="bbox 563 228 1363 288; baseline 0.018 -13"><span class='ocrx_word' id='word_1_1' title='bbox 563 228 743 286; x_wconf 56' lang='lat' dir='ltr'><strong>Qffl*</strong></span> <span class='ocrx_word' id='word_1_2' title='bbox 860 230 882 279; x_wconf 73' lang='lat' dir='ltr'>c</span> <span class='ocrx_word' id='word_1_3' title='bbox 937 241 989 283; x_wconf 81' lang='lat'><strong>75</strong></span> <span class='ocrx_word' id='word_1_4' title='bbox 1048 230 1067 282; x_wconf 78' lang='grc'>&gt;</span> <span class='ocrx_word' id='word_1_5' title='bbox 1183 228 1363 288; x_wconf 51' lang='lat' dir='ltr'>W</span> 
     </span>
    </p>

    <p class='ocr_par' dir='ltr' id='par_1_2' title="bbox 204 323 1708 1706">
     <span class='ocr_line' id='line_1_2' title="bbox 334 323 1705 382; baseline 0.007 -15"><span class='ocrx_word' id='word_1_6' title='bbox 334 326 450 368; x_wconf 72' lang='lat' dir='ltr'><strong>Color</strong></span> <span class='ocrx_word' id='word_1_7' title='bbox 468 326 507 367; x_wconf 88' lang='lat' dir='ltr'><strong>in</strong></span> <span class='ocrx_word' id='word_1_8' title='bbox 528 324 696 368; x_wconf 84' lang='lat' dir='ltr'><strong>Ovibus</strong></span> <span class='ocrx_word' id='word_1_9' title='bbox 720 323 977 380; x_wconf 81' lang='lat' dir='ltr'><strong>steatopygis</strong></span> <span class='ocrx_word' id='word_1_10' title='bbox 997 323 1341 382; x_wconf 72' lang='lat' dir='ltr'><strong>frequentissimus</strong></span> <span class='ocrx_word' id='word_1_11' title='bbox 1370 327 1427 370; x_wconf 85' lang='lat' dir='ltr'><strong>est</strong></span> <span class='ocrx_word' id='word_1_12' title='bbox 1442 327 1569 379; x_wconf 85' lang='lat' dir='ltr'><strong>albus,</strong></span> <span class='ocrx_word' id='word_1_13' title='bbox 1588 332 1705 376; x_wconf 50' lang='lat' dir='ltr'><strong>deinss</strong></span> 
     </span>
     <span class='ocr_line' id='line_1_3' title="bbox 216 381 1705 441; baseline 0.007 -17"><span class='ocrx_word' id='word_1_14' title='bbox 216 382 270 425; x_wconf 83' lang='lat' dir='ltr'><strong>de</strong></span> <span class='ocrx_word' id='word_1_15' title='bbox 287 394 393 432; x_wconf 88' lang='lat' dir='ltr'><strong>ater,</strong></span> <span class='ocrx_word' id='word_1_16' title='bbox 423 383 603 441; x_wconf 87' lang='lat' dir='ltr'><strong>denique</strong></span> <span class='ocrx_word' id='word_1_17' title='bbox 633 381 844 424; x_wconf 89' lang='lat' dir='ltr'><strong>brunneus</strong></span> <span class='ocrx_word' id='word_1_18' title='bbox 870 381 938 424; x_wconf 87' lang='lat' dir='ltr'><strong>vel</strong></span> <span class='ocrx_word' id='word_1_19' title='bbox 964 381 1119 428; x_wconf 80' lang='lat' dir='ltr'><strong>rutilus,</strong></span> <span class='ocrx_word' id='word_1_20' title='bbox 1186 383 1419 427; x_wconf 83' lang='lat' dir='ltr'><strong>Nascuntur</strong></span> <span class='ocrx_word' id='word_1_21' title='bbox 1445 387 1488 429; x_wconf 69' lang='lat' dir='ltr'><strong>&lt;Sc</strong></span> <span class='ocrx_word' id='word_1_22' title='bbox 1510 391 1705 434; x_wconf 73' lang='lat' dir='ltr'><strong>maculosi</strong></span> 
     </span>
     <span class='ocr_line' id='line_1_4' title="bbox 216 436 1705 501; baseline 0.01 -24"><span class='ocrx_word' id='word_1_23' title='bbox 216 440 382 488; x_wconf 83' lang='lat' dir='ltr'><strong>crebro,</strong></span> <span class='ocrx_word' id='word_1_24' title='bbox 421 440 477 481; x_wconf 87' lang='lat' dir='ltr'><strong>ast</strong></span> <span class='ocrx_word' id='word_1_25' title='bbox 499 440 625 480; x_wconf 88' lang='lat' dir='ltr'><strong>rarius</strong></span> <span class='ocrx_word' id='word_1_26' title='bbox 650 439 740 480; x_wconf 89' lang='lat' dir='ltr'><strong>cani</strong></span> <span class='ocrx_word' id='word_1_27' title='bbox 771 439 840 480; x_wconf 91' lang='lat' dir='ltr'><strong>vel</strong></span> <span class='ocrx_word' id='word_1_28' title='bbox 864 436 1214 496; x_wconf 78' lang='lat' dir='ltr'><strong>leucospodoidei.</strong></span> <span class='ocrx_word' id='word_1_29' title='bbox 1283 442 1610 501; x_wconf 71' lang='lat' dir='ltr'><strong>Vulgatissimum</strong></span> <span class='ocrx_word' id='word_1_30' title='bbox 1635 450 1705 499; x_wconf 77' lang='lat' dir='ltr'><strong>est,</strong></span> 
     </span>
     <span class='ocr_line' id='line_1_5' title="bbox 215 495 1704 558; baseline 0.008 -20"><span class='ocrx_word' id='word_1_31' title='bbox 215 498 325 554; x_wconf 85' lang='lat' dir='ltr'><strong>apud</strong></span> <span class='ocrx_word' id='word_1_32' title='bbox 341 497 588 540; x_wconf 82' lang='lat' dir='ltr'><strong>Calmaccos</strong></span> <span class='ocrx_word' id='word_1_33' title='bbox 610 495 860 553; x_wconf 74' lang='lat' dir='ltr'><strong>praesertim,</strong></span> <span class='ocrx_word' id='word_1_34' title='bbox 878 496 1062 554; x_wconf 80' lang='lat' dir='ltr'><strong>integras</strong></span> <span class='ocrx_word' id='word_1_35' title='bbox 1086 497 1229 540; x_wconf 84' lang='lat' dir='ltr'><strong>videre</strong></span> <span class='ocrx_word' id='word_1_36' title='bbox 1251 514 1404 558; x_wconf 81' lang='lat' dir='ltr'><strong>greges</strong></span> <span class='ocrx_word' id='word_1_37' title='bbox 1428 504 1573 546; x_wconf 87' lang='lat' dir='ltr'><strong>ovium</strong></span> <span class='ocrx_word' id='word_1_38' title='bbox 1597 506 1704 550; x_wconf 86' lang='lat' dir='ltr'><strong>alba-</strong></span> 
     </span>
     <span class='ocr_line' id='line_1_6' title="bbox 215 552 1703 624; baseline 0.008 -29"><span class='ocrx_word' id='word_1_39' title='bbox 215 569 326 602; x_wconf 88' lang='lat' dir='ltr'><strong>rum,</strong></span> <span class='ocrx_word' id='word_1_40' title='bbox 356 553 441 595; x_wconf 82' lang='lat' dir='ltr'><strong>solo</strong></span> <span class='ocrx_word' id='word_1_41' title='bbox 459 555 749 613; x_wconf 70' lang='lat' dir='ltr'><strong>capstenigro,</strong></span> <span class='ocrx_word' id='word_1_42' title='bbox 779 552 1026 610; x_wconf 83' lang='lat' dir='ltr'><strong>spadiceove</strong></span> <span class='ocrx_word' id='word_1_43' title='bbox 1043 555 1250 597; x_wconf 86' lang='lat' dir='ltr'><strong>maculato</strong></span> <span class='ocrx_word' id='word_1_44' title='bbox 1262 570 1331 599; x_wconf 87' lang='lat' dir='ltr'><strong>aut</strong></span> <span class='ocrx_word' id='word_1_45' title='bbox 1342 559 1526 615; x_wconf 79' lang='lat' dir='ltr'><strong>perfuso:</strong></span> <span class='ocrx_word' id='word_1_46' title='bbox 1557 579 1703 624; x_wconf 74' lang='lat' dir='ltr'><strong>quem-</strong></span> 
     </span>
     <span class='ocr_line' id='line_1_7' title="bbox 214 609 1705 669; baseline 0.008 -16"><span class='ocrx_word' id='word_1_47' title='bbox 214 611 442 653; x_wconf 76' lang='lat' dir='ltr'>admodum</span> <span class='ocrx_word' id='word_1_48' title='bbox 460 612 500 652; x_wconf 89' lang='lat' dir='ltr'><strong>in</strong></span> <span class='ocrx_word' id='word_1_49' title='bbox 519 611 668 654; x_wconf 85' lang='lat' dir='ltr'><strong>ducatu</strong></span> <span class='ocrx_word' id='word_1_50' title='bbox 683 609 967 656; x_wconf 82' lang='lat' dir='ltr'><strong>Norfolkienfi</strong></span> <span class='ocrx_word' id='word_1_51' title='bbox 989 611 1170 669; x_wconf 82' lang='lat' dir='ltr'><strong>Angliae</strong></span> <span class='ocrx_word' id='word_1_52' title='bbox 1185 628 1290 655; x_wconf 85' lang='lat' dir='ltr'><strong>oves</strong></span> <span class='ocrx_word' id='word_1_53' title='bbox 1305 631 1455 660; x_wconf 86' lang='lat' dir='ltr'><strong>omnes</strong></span> <span class='ocrx_word' id='word_1_54' title='bbox 1478 618 1625 662; x_wconf 85' lang='lat' dir='ltr'><strong>faciem</strong></span> <span class='ocrx_word' id='word_1_55' title='bbox 1645 624 1705 666; x_wconf 82' lang='lat' dir='ltr'><strong>ni-</strong></span> 
     </span>
     <span class='ocr_line' id='line_1_8' title="bbox 211 667 1705 727; baseline 0.009 -18"><span class='ocrx_word' id='word_1_56' title='bbox 211 684 290 727; x_wconf 84' lang='lat' dir='ltr'><strong>gro</strong></span> <span class='ocrx_word' id='word_1_57' title='bbox 313 667 515 710; x_wconf 84' lang='lat' dir='ltr'>imbutam</span> <span class='ocrx_word' id='word_1_58' title='bbox 536 668 581 711; x_wconf 67' lang='lat' dir='ltr'><strong>dc</strong></span> <span class='ocrx_word' id='word_1_59' title='bbox 608 670 864 727; x_wconf 83' lang='lat' dir='ltr'>inquinatam</span> <span class='ocrx_word' id='word_1_60' title='bbox 887 667 971 711; x_wconf 84' lang='lat' dir='ltr'><strong>five</strong></span> <span class='ocrx_word' id='word_1_61' title='bbox 992 669 1207 711; x_wconf 87' lang='lat' dir='ltr'><strong>irroratam</strong></span> <span class='ocrx_word' id='word_1_62' title='bbox 1228 670 1385 714; x_wconf 88' lang='lat' dir='ltr'><strong>habere</strong></span> <span class='ocrx_word' id='word_1_63' title='bbox 1404 678 1586 720; x_wconf 89' lang='lat' dir='ltr'><strong>memini.</strong></span> <span class='ocrx_word' id='word_1_64' title='bbox 1631 680 1705 723; x_wconf 75' lang='lat' dir='ltr'><strong>Et=</strong></span> 
     </span>
     <span class='ocr_line' id='line_1_9' title="bbox 212 724 1705 788; baseline 0.009 -21"><span class='ocrx_word' id='word_1_65' title='bbox 212 728 296 768; x_wconf 87' lang='lat' dir='ltr'><strong>iam</strong></span> <span class='ocrx_word' id='word_1_66' title='bbox 316 727 422 768; x_wconf 83' lang='lat' dir='ltr'><strong>inter</strong></span> <span class='ocrx_word' id='word_1_67' title='bbox 439 725 658 785; x_wconf 75' lang='lat' dir='ltr'><strong>Kirgisicas</strong></span> <span class='ocrx_word' id='word_1_68' title='bbox 677 742 782 770; x_wconf 88' lang='lat' dir='ltr'><strong>oves</strong></span> <span class='ocrx_word' id='word_1_69' title='bbox 800 724 1147 787; x_wconf 72' lang='lat' dir='ltr'><strong>frequentilllmae</strong></span> <span class='ocrx_word' id='word_1_70' title='bbox 1170 725 1258 769; x_wconf 78' lang='lat' dir='ltr'><strong>sunt</strong></span> <span class='ocrx_word' id='word_1_71' title='bbox 1277 731 1487 788; x_wconf 77' lang='lat' dir='ltr'>variegata</span> <span class='ocrx_word' id='word_1_72' title='bbox 1515 733 1619 778; x_wconf 79' lang='lat' dir='ltr'><strong>facie</strong></span> <span class='ocrx_word' id='word_1_73' title='bbox 1635 740 1705 781; x_wconf 90' lang='lat' dir='ltr'><strong>vel</strong></span> 
     </span>
     <span class='ocr_line' id='line_1_10' title="bbox 213 781 1708 851; baseline 0.009 -27"><span class='ocrx_word' id='word_1_74' title='bbox 213 781 412 825; x_wconf 73' lang='lat' dir='ltr'>discolore</span> <span class='ocrx_word' id='word_1_75' title='bbox 422 786 555 842; x_wconf 83' lang='lat' dir='ltr'><strong>capite</strong></span> <span class='ocrx_word' id='word_1_76' title='bbox 564 783 754 843; x_wconf 77' lang='lat' dir='ltr'><strong>insignes.</strong></span> <span class='ocrx_word' id='word_1_77' title='bbox 782 785 840 827; x_wconf 89' lang='lat' dir='ltr'><strong>Et</strong></span> <span class='ocrx_word' id='word_1_78' title='bbox 851 784 946 826; x_wconf 88' lang='lat' dir='ltr'><strong>licet</strong></span> <span class='ocrx_word' id='word_1_79' title='bbox 961 783 1043 825; x_wconf 84' lang='lat' dir='ltr'><strong>hoc</strong></span> <span class='ocrx_word' id='word_1_80' title='bbox 1059 784 1156 826; x_wconf 82' lang='lat' dir='ltr'><strong>inde</strong></span> <span class='ocrx_word' id='word_1_81' title='bbox 1165 785 1401 842; x_wconf 80' lang='lat' dir='ltr'><strong>praesertim</strong></span> <span class='ocrx_word' id='word_1_82' title='bbox 1418 791 1584 840; x_wconf 79' lang='lat' dir='ltr'><strong>oriatur,</strong></span> <span class='ocrx_word' id='word_1_83' title='bbox 1596 797 1708 851; x_wconf 91' lang='lat' dir='ltr'><strong>quod</strong></span> 
     </span>
     <span class='ocr_line' id='line_1_11' title="bbox 209 840 1707 905; baseline 0.011 -26"><span class='ocrx_word' id='word_1_84' title='bbox 209 842 358 884; x_wconf 81' lang='lat' dir='ltr'><strong>arietes</strong></span> <span class='ocrx_word' id='word_1_85' title='bbox 378 842 609 900; x_wconf 83' lang='lat' dir='ltr'><strong>(religione</strong></span> <span class='ocrx_word' id='word_1_86' title='bbox 630 843 837 900; x_wconf 79' lang='lat' dir='ltr'><strong>quadam)</strong></span> <span class='ocrx_word' id='word_1_87' title='bbox 857 840 1094 900; x_wconf 85' lang='lat' dir='ltr'><strong>praesertim</strong></span> <span class='ocrx_word' id='word_1_88' title='bbox 1110 846 1154 903; x_wconf 60' lang='grc' dir='ltr'><strong>’Ἴ</strong></span> <span class='ocrx_word' id='word_1_89' title='bbox 1180 843 1277 885; x_wconf 66' lang='lat' dir='ltr'><strong>tales</strong></span> <span class='ocrx_word' id='word_1_90' title='bbox 1301 845 1343 886; x_wconf 93' lang='lat' dir='ltr'><strong>in</strong></span> <span class='ocrx_word' id='word_1_91' title='bbox 1370 861 1503 905; x_wconf 81' lang='lat' dir='ltr'><strong>grege</strong></span> <span class='ocrx_word' id='word_1_92' title='bbox 1525 849 1707 902; x_wconf 84' lang='lat' dir='ltr'><strong>sortiant,</strong></span> 
     </span>
     <span class='ocr_line' id='line_1_12' title="bbox 209 897 1707 958; baseline 0.009 -18"><span class='ocrx_word' id='word_1_93' title='bbox 209 910 352 941; x_wconf 87' lang='lat' dir='ltr'><strong>tamen</strong></span> <span class='ocrx_word' id='word_1_94' title='bbox 374 897 543 942; x_wconf 84' lang='lat' dir='ltr'><strong>obscura</strong></span> <span class='ocrx_word' id='word_1_95' title='bbox 567 900 644 942; x_wconf 88' lang='lat' dir='ltr'><strong>alia</strong></span> <span class='ocrx_word' id='word_1_96' title='bbox 667 900 873 958; x_wconf 83' lang='lat' dir='ltr'><strong>quaedam</strong></span> <span class='ocrx_word' id='word_1_97' title='bbox 898 898 1014 941; x_wconf 86' lang='lat' dir='ltr'><strong>causa</strong></span> <span class='ocrx_word' id='word_1_98' title='bbox 1036 897 1187 941; x_wconf 77' lang='lat' dir='ltr'><strong>subeise</strong></span> <span class='ocrx_word' id='word_1_99' title='bbox 1211 901 1316 943; x_wconf 87' lang='lat' dir='ltr'><strong>mihi</strong></span> <span class='ocrx_word' id='word_1_100' title='bbox 1331 904 1506 948; x_wconf 81' lang='lat' dir='ltr'><strong>videtur.</strong></span> <span class='ocrx_word' id='word_1_101' title='bbox 1569 908 1707 953; x_wconf 66' lang='lat' dir='ltr'><strong>Phoen</strong></span> 
     </span>
     <span class='ocr_line' id='line_1_13' title="bbox 210 957 1705 1021; baseline 0.009 -24"><span class='ocrx_word' id='word_1_102' title='bbox 210 971 395 999; x_wconf 85' lang='lat' dir='ltr'><strong>nomena</strong></span> <span class='ocrx_word' id='word_1_103' title='bbox 418 970 530 999; x_wconf 86' lang='lat' dir='ltr'><strong>certe</strong></span> <span class='ocrx_word' id='word_1_104' title='bbox 553 958 793 1000; x_wconf 84' lang='lat' dir='ltr'><strong>mutationis</strong></span> <span class='ocrx_word' id='word_1_105' title='bbox 820 957 1010 999; x_wconf 86' lang='lat' dir='ltr'><strong>colorum</strong></span> <span class='ocrx_word' id='word_1_106' title='bbox 1034 958 1077 998; x_wconf 83' lang='lat' dir='ltr'><strong>in</strong></span> <span class='ocrx_word' id='word_1_107' title='bbox 1105 958 1367 1006; x_wconf 79' lang='lat' dir='ltr'><strong>animalibus,</strong></span> <span class='ocrx_word' id='word_1_108' title='bbox 1405 963 1538 1021; x_wconf 86' lang='lat' dir='ltr'><strong>qualia</strong></span> <span class='ocrx_word' id='word_1_109' title='bbox 1561 964 1705 1011; x_wconf 87' lang='lat' dir='ltr'><strong>huma-</strong></span> 
     </span>
     <span class='ocr_line' id='line_1_14' title="bbox 209 1013 1705 1073; baseline 0.009 -19"><span class='ocrx_word' id='word_1_110' title='bbox 209 1029 310 1055; x_wconf 88' lang='lat' dir='ltr'><strong>num</strong></span> <span class='ocrx_word' id='word_1_111' title='bbox 334 1030 502 1073; x_wconf 89' lang='lat' dir='ltr'><strong>quoque</strong></span> <span class='ocrx_word' id='word_1_112' title='bbox 519 1030 653 1073; x_wconf 84' lang='lat' dir='ltr'><strong>genus</strong></span> <span class='ocrx_word' id='word_1_113' title='bbox 680 1014 840 1057; x_wconf 81' lang='lat' dir='ltr'><strong>illustria</strong></span> <span class='ocrx_word' id='word_1_114' title='bbox 857 1013 1113 1072; x_wconf 87' lang='lat' dir='ltr'><strong>suppeditat,</strong></span> <span class='ocrx_word' id='word_1_115' title='bbox 1142 1014 1278 1058; x_wconf 85' lang='lat' dir='ltr'><strong>adhuc</strong></span> <span class='ocrx_word' id='word_1_116' title='bbox 1304 1018 1412 1060; x_wconf 88' lang='lat' dir='ltr'><strong>inter</strong></span> <span class='ocrx_word' id='word_1_117' title='bbox 1438 1020 1705 1069; x_wconf 82' lang='lat' dir='ltr'><strong>Problemata</strong></span> 
     </span>
     <span class='ocr_line' id='line_1_15' title="bbox 208 1071 1705 1135; baseline 0.009 -23"><span class='ocrx_word' id='word_1_118' title='bbox 208 1071 419 1115; x_wconf 66' lang='lat' dir='ltr'><strong>Historiae</strong></span> <span class='ocrx_word' id='word_1_119' title='bbox 437 1073 629 1114; x_wconf 88' lang='lat' dir='ltr'><strong>naturalis</strong></span> <span class='ocrx_word' id='word_1_120' title='bbox 647 1071 832 1115; x_wconf 88' lang='lat' dir='ltr'><strong>haerent.</strong></span> <span class='ocrx_word' id='word_1_121' title='bbox 893 1074 996 1114; x_wconf 89' lang='lat' dir='ltr'><strong>Non</strong></span> <span class='ocrx_word' id='word_1_122' title='bbox 1016 1072 1152 1114; x_wconf 87' lang='lat' dir='ltr'><strong>dicam</strong></span> <span class='ocrx_word' id='word_1_123' title='bbox 1177 1071 1245 1115; x_wconf 85' lang='lat' dir='ltr'><strong>hic</strong></span> <span class='ocrx_word' id='word_1_124' title='bbox 1272 1075 1325 1117; x_wconf 91' lang='lat' dir='ltr'><strong>de</strong></span> <span class='ocrx_word' id='word_1_125' title='bbox 1351 1079 1559 1135; x_wconf 83' lang='lat' dir='ltr'><strong>exemplis</strong></span> <span class='ocrx_word' id='word_1_126' title='bbox 1590 1082 1705 1126; x_wconf 85' lang='lat' dir='ltr'><strong>albo-</strong></span> 
     </span>
     <span class='ocr_line' id='line_1_16' title="bbox 208 1129 1706 1194; baseline 0.011 -25"><span class='ocrx_word' id='word_1_127' title='bbox 208 1143 298 1169; x_wconf 85' lang='lat' dir='ltr'><strong>rum</strong></span> <span class='ocrx_word' id='word_1_128' title='bbox 321 1142 486 1186; x_wconf 83' lang='lat' dir='ltr'><strong>praeter</strong></span> <span class='ocrx_word' id='word_1_129' title='bbox 509 1143 698 1172; x_wconf 82' lang='lat' dir='ltr'><strong>naturam</strong></span> <span class='ocrx_word' id='word_1_130' title='bbox 723 1129 963 1171; x_wconf 86' lang='lat' dir='ltr'><strong>animalium</strong></span> <span class='ocrx_word' id='word_1_131' title='bbox 986 1129 1194 1176; x_wconf 82' lang='lat' dir='ltr'><strong>ferorum,</strong></span> <span class='ocrx_word' id='word_1_132' title='bbox 1230 1146 1369 1193; x_wconf 80' lang='lat' dir='ltr'><strong>neque</strong></span> <span class='ocrx_word' id='word_1_133' title='bbox 1403 1135 1457 1178; x_wconf 81' lang='lat' dir='ltr'><strong>de</strong></span> <span class='ocrx_word' id='word_1_134' title='bbox 1480 1136 1706 1194; x_wconf 85' lang='lat' dir='ltr'><strong>spontanea</strong></span> 
     </span>
     <span class='ocr_line' id='line_1_17' title="bbox 206 1184 1706 1255; baseline 0.01 -29"><span class='ocrx_word' id='word_1_135' title='bbox 206 1184 537 1244; x_wconf 87' lang='lat' dir='ltr'><strong>metamorphofi</strong></span> <span class='ocrx_word' id='word_1_136' title='bbox 563 1187 751 1229; x_wconf 82' lang='lat' dir='ltr'><strong>colorum</strong></span> <span class='ocrx_word' id='word_1_137' title='bbox 778 1188 820 1228; x_wconf 93' lang='lat' dir='ltr'><strong>in</strong></span> <span class='ocrx_word' id='word_1_138' title='bbox 847 1188 986 1229; x_wconf 90' lang='lat' dir='ltr'><strong>multis</strong></span> <span class='ocrx_word' id='word_1_139' title='bbox 1012 1186 1275 1245; x_wconf 81' lang='lat' dir='ltr'><strong>animalibus,</strong></span> <span class='ocrx_word' id='word_1_140' title='bbox 1314 1206 1419 1247; x_wconf 90' lang='lat' dir='ltr'><strong>quae</strong></span> <span class='ocrx_word' id='word_1_141' title='bbox 1442 1194 1482 1235; x_wconf 89' lang='lat' dir='ltr'><strong>in</strong></span> <span class='ocrx_word' id='word_1_142' title='bbox 1502 1207 1706 1255; x_wconf 87' lang='lat' dir='ltr'><strong>tempera-</strong></span> 
     </span>
     <span class='ocr_line' id='line_1_18' title="bbox 207 1242 1702 1308; baseline 0.009 -24"><span class='ocrx_word' id='word_1_143' title='bbox 207 1242 381 1286; x_wconf 86' lang='lat' dir='ltr'><strong>tioribus</strong></span> <span class='ocrx_word' id='word_1_144' title='bbox 400 1244 588 1286; x_wconf 86' lang='lat' dir='ltr'><strong>colorem</strong></span> <span class='ocrx_word' id='word_1_145' title='bbox 605 1243 717 1286; x_wconf 89' lang='lat' dir='ltr'><strong>haud</strong></span> <span class='ocrx_word' id='word_1_146' title='bbox 733 1256 914 1295; x_wconf 78' lang='lat' dir='ltr'><strong>mutant,</strong></span> <span class='ocrx_word' id='word_1_147' title='bbox 942 1259 1017 1301; x_wconf 91' lang='lat' dir='ltr'><strong>per</strong></span> <span class='ocrx_word' id='word_1_148' title='bbox 1030 1242 1231 1287; x_wconf 60' lang='lat' dir='ltr'><strong>effeetum</strong></span> <span class='ocrx_word' id='word_1_149' title='bbox 1250 1245 1427 1290; x_wconf 86' lang='lat' dir='ltr'><strong>borealis</strong></span> <span class='ocrx_word' id='word_1_150' title='bbox 1455 1249 1640 1308; x_wconf 79' lang='lat' dir='ltr'><strong>l1yemiS‚</strong></span> <span class='ocrx_word' id='word_1_151' title='bbox 1657 1257 1702 1299; x_wconf 88' lang='lat' dir='ltr'><strong>in</strong></span> 
     </span>
     <span class='ocr_line' id='line_1_19' title="bbox 205 1300 1705 1357; baseline 0.01 -16"><span class='ocrx_word' id='word_1_152' title='bbox 205 1301 428 1342; x_wconf 86' lang='lat' dir='ltr'><strong>candidum</strong></span> <span class='ocrx_word' id='word_1_153' title='bbox 448 1300 608 1357; x_wconf 82' lang='lat' dir='ltr'><strong>semper</strong></span> <span class='ocrx_word' id='word_1_154' title='bbox 624 1302 853 1349; x_wconf 84' lang='lat' dir='ltr'><strong>tendentis;</strong></span> <span class='ocrx_word' id='word_1_155' title='bbox 870 1300 951 1353; x_wconf 25' lang='lat' dir='ltr'><strong>*sed</strong></span> <span class='ocrx_word' id='word_1_156' title='bbox 968 1302 1290 1344; x_wconf 85' lang='lat' dir='ltr'><strong>domesticorum</strong></span> <span class='ocrx_word' id='word_1_157' title='bbox 1309 1306 1440 1348; x_wconf 88' lang='lat' dir='ltr'><strong>modo</strong></span> <span class='ocrx_word' id='word_1_158' title='bbox 1464 1310 1705 1357; x_wconf 81' lang='lat' dir='ltr'><strong>animalium</strong></span> 
     </span>
     <span class='ocr_line' id='line_1_20' title="bbox 206 1358 1706 1430; baseline 0.009 -31"><span class='ocrx_word' id='word_1_159' title='bbox 206 1358 246 1399; x_wconf 84' lang='lat' dir='ltr'><strong>in</strong></span> <span class='ocrx_word' id='word_1_160' title='bbox 271 1359 413 1401; x_wconf 82' lang='lat' dir='ltr'><strong>colore</strong></span> <span class='ocrx_word' id='word_1_161' title='bbox 429 1358 721 1406; x_wconf 66' lang='lat' dir='ltr'><strong>vicissitudines</strong></span> <span class='ocrx_word' id='word_1_162' title='bbox 738 1374 848 1401; x_wconf 86' lang='lat' dir='ltr'><strong>nunc</strong></span> <span class='ocrx_word' id='word_1_163' title='bbox 865 1359 1023 1416; x_wconf 84' lang='lat' dir='ltr'><strong>loquor.</strong></span> <span class='ocrx_word' id='word_1_164' title='bbox 1084 1358 1180 1402; x_wconf 83' lang='lat' dir='ltr'><strong>Esse</strong></span> <span class='ocrx_word' id='word_1_165' title='bbox 1198 1358 1266 1402; x_wconf 84' lang='lat' dir='ltr'><strong>hic</strong></span> <span class='ocrx_word' id='word_1_166' title='bbox 1284 1362 1326 1402; x_wconf 85' lang='lat' dir='ltr'><strong>in</strong></span> <span class='ocrx_word' id='word_1_167' title='bbox 1354 1365 1513 1408; x_wconf 76' lang='lat' dir='ltr'><strong>climate</strong></span> <span class='ocrx_word' id='word_1_168' title='bbox 1537 1369 1706 1430; x_wconf 87' lang='lat' dir='ltr'><strong>aliquid,</strong></span> 
     </span>
     <span class='ocr_line' id='line_1_21' title="bbox 207 1413 1704 1484; baseline 0.009 -28"><span class='ocrx_word' id='word_1_169' title='bbox 207 1413 286 1457; x_wconf 78' lang='lat' dir='ltr'><strong>effe</strong></span> <span class='ocrx_word' id='word_1_170' title='bbox 311 1417 352 1457; x_wconf 92' lang='lat' dir='ltr'><strong>in</strong></span> <span class='ocrx_word' id='word_1_171' title='bbox 372 1416 546 1470; x_wconf 74' lang='lat' dir='ltr'><strong>pascuis,</strong></span> <span class='ocrx_word' id='word_1_172' title='bbox 583 1415 662 1459; x_wconf 83' lang='lat' dir='ltr'><strong>esse</strong></span> <span class='ocrx_word' id='word_1_173' title='bbox 690 1418 731 1458; x_wconf 91' lang='lat' dir='ltr'><strong>in</strong></span> <span class='ocrx_word' id='word_1_174' title='bbox 756 1419 868 1472; x_wconf 76' lang='lat' dir='ltr'><strong>aquis</strong></span> <span class='ocrx_word' id='word_1_175' title='bbox 892 1417 1201 1475; x_wconf 81' lang='lat' dir='ltr'><strong>quaerendum,</strong></span> <span class='ocrx_word' id='word_1_176' title='bbox 1230 1419 1358 1462; x_wconf 90' lang='lat' dir='ltr'><strong>multa</strong></span> <span class='ocrx_word' id='word_1_177' title='bbox 1379 1419 1468 1465; x_wconf 84' lang='lat' dir='ltr'><strong>sunt</strong></span> <span class='ocrx_word' id='word_1_178' title='bbox 1485 1439 1591 1483; x_wconf 87' lang='lat' dir='ltr'><strong>quae</strong></span> <span class='ocrx_word' id='word_1_179' title='bbox 1608 1442 1704 1484; x_wconf 90' lang='lat' dir='ltr'><strong>pro·</strong></span> 
     </span>
     <span class='ocr_line' id='line_1_22' title="bbox 205 1471 1702 1541; baseline 0.011 -30"><span class='ocrx_word' id='word_1_180' title='bbox 205 1471 326 1521; x_wconf 85' lang='lat' dir='ltr'><strong>bant,</strong></span> <span class='ocrx_word' id='word_1_181' title='bbox 388 1488 548 1532; x_wconf 86' lang='lat' dir='ltr'><strong>uaeque</strong></span> <span class='ocrx_word' id='word_1_182' title='bbox 571 1474 651 1516; x_wconf 90' lang='lat' dir='ltr'><strong>alio</strong></span> <span class='ocrx_word' id='word_1_183' title='bbox 676 1473 784 1529; x_wconf 82' lang='lat' dir='ltr'><strong>forte</strong></span> <span class='ocrx_word' id='word_1_184' title='bbox 813 1486 1006 1531; x_wconf 87' lang='lat' dir='ltr'><strong>ternpore</strong></span> <span class='ocrx_word' id='word_1_185' title='bbox 1030 1473 1180 1517; x_wconf 79' lang='lat' dir='ltr'><strong>fusiore</strong></span> <span class='ocrx_word' id='word_1_186' title='bbox 1205 1476 1455 1522; x_wconf 57' lang='lat' dir='ltr'><strong>traebatione</strong></span> <span class='ocrx_word' id='word_1_187' title='bbox 1481 1496 1702 1541; x_wconf 85' lang='lat' dir='ltr'><strong>exponen-</strong></span> 
     </span>
     <span class='ocr_line' id='line_1_23' title="bbox 204 1489 1700 1594; baseline 0.009 -21"><span class='ocrx_word' id='word_1_188' title='bbox 204 1542 282 1573; x_wconf 88' lang='lat' dir='ltr'><strong>tur.</strong></span> <span class='ocrx_word' id='word_1_189' title='bbox 342 1489 427 1573; x_wconf 51' lang='lat' dir='ltr'><strong>gie</strong></span> <span class='ocrx_word' id='word_1_190' title='bbox 453 1532 505 1573; x_wconf 84' lang='lat' dir='ltr'><strong>ad</strong></span> <span class='ocrx_word' id='word_1_191' title='bbox 527 1530 683 1589; x_wconf 77' lang='lat' dir='ltr'><strong>lingula</strong></span> <span class='ocrx_word' id='word_1_192' title='bbox 707 1543 923 1574; x_wconf 87' lang='lat' dir='ltr'><strong>momenta</strong></span> <span class='ocrx_word' id='word_1_193' title='bbox 954 1529 1121 1574; x_wconf 80' lang='lat' dir='ltr'><strong>sufficiat</strong></span> <span class='ocrx_word' id='word_1_194' title='bbox 1145 1534 1344 1591; x_wconf 80' lang='lat' dir='ltr'><strong>exempla</strong></span> <span class='ocrx_word' id='word_1_195' title='bbox 1367 1538 1572 1594; x_wconf 86' lang='lat' dir='ltr'><strong>quaedam</strong></span> <span class='ocrx_word' id='word_1_196' title='bbox 1590 1541 1700 1586; x_wconf 89' lang='lat' dir='ltr'><strong>adle-</strong></span> 
     </span>
     <span class='ocr_line' id='line_1_24' title="bbox 205 1586 1701 1651; baseline 0.01 -23"><span class='ocrx_word' id='word_1_197' title='bbox 205 1586 326 1645; x_wconf 86' lang='lat' dir='ltr'><strong>gasse.</strong></span> <span class='ocrx_word' id='word_1_198' title='bbox 343 1613 399 1619; x_wconf 82' lang='lat'><strong>—-</strong></span> <span class='ocrx_word' id='word_1_199' title='bbox 460 1589 587 1630; x_wconf 67' lang='lat' dir='ltr'><strong>Clima</strong></span> <span class='ocrx_word' id='word_1_200' title='bbox 616 1589 815 1632; x_wconf 83' lang='lat' dir='ltr'><strong>orientale</strong></span> <span class='ocrx_word' id='word_1_201' title='bbox 839 1588 1034 1637; x_wconf 79' lang='lat' dir='ltr'><strong>Sibiriae‚</strong></span> <span class='ocrx_word' id='word_1_202' title='bbox 1070 1588 1308 1647; x_wconf 83' lang='lat' dir='ltr'><strong>praesertim</strong></span> <span class='ocrx_word' id='word_1_203' title='bbox 1331 1593 1374 1634; x_wconf 89' lang='lat' dir='ltr'><strong>in</strong></span> <span class='ocrx_word' id='word_1_204' title='bbox 1397 1594 1544 1651; x_wconf 85' lang='lat' dir='ltr'><strong>alpinis</strong></span> <span class='ocrx_word' id='word_1_205' title='bbox 1562 1599 1701 1642; x_wconf 89' lang='lat' dir='ltr'><strong>Davu-</strong></span> 
     </span>
     <span class='ocr_line' id='line_1_25' title="bbox 206 1645 1707 1706; baseline 0.011 -22"><span class='ocrx_word' id='word_1_206' title='bbox 206 1648 311 1696; x_wconf 78' lang='lat' dir='ltr'><strong>riae,</strong></span> <span class='ocrx_word' id='word_1_207' title='bbox 341 1645 559 1706; x_wconf 90' lang='lat' dir='ltr'><strong>Equorum</strong></span> <span class='ocrx_word' id='word_1_208' title='bbox 576 1660 750 1706; x_wconf 83' lang='lat' dir='ltr'><strong>greges,</strong></span> <span class='ocrx_word' id='word_1_209' title='bbox 780 1647 891 1706; x_wconf 87' lang='lat' dir='ltr'><strong>apud</strong></span> <span class='ocrx_word' id='word_1_210' title='bbox 915 1647 1126 1696; x_wconf 85' lang='lat' dir='ltr'><strong>Burattos,</strong></span> <span class='ocrx_word' id='word_1_211' title='bbox 1156 1658 1269 1690; x_wconf 87' lang='lat' dir='ltr'><strong>totos</strong></span> <span class='ocrx_word' id='word_1_212' title='bbox 1284 1649 1421 1694; x_wconf 83' lang='lat' dir='ltr'><strong>reddit</strong></span> <span class='ocrx_word' id='word_1_213' title='bbox 1434 1652 1616 1706; x_wconf 60' lang='grc' dir='ltr'><strong><em>ὶεᾶεοε,</em></strong></span> <span class='ocrx_word' id='word_1_214' title='bbox 1650 1659 1707 1701; x_wconf 87' lang='lat' dir='ltr'><strong>ita</strong></span> 
     </span>
    </p>
   </div>
   <div class='ocr_carea' id='block_1_2' title="bbox 901 1702 1704 1773">
    <p class='ocr_par' dir='ltr' id='par_1_3' title="bbox 901 1702 1704 1773">
     <span class='ocr_line' id='line_1_26' title="bbox 901 1702 1704 1773; baseline 0.009 -22"><span class='ocrx_word' id='word_1_215' title='bbox 901 1702 943 1748; x_wconf 84' lang='lat' dir='ltr'><strong>K</strong></span> <span class='ocrx_word' id='word_1_216' title='bbox 973 1720 996 1748; x_wconf 86' lang='lat'>2</span> <span class='ocrx_word' id='word_1_217' title='bbox 1614 1717 1704 1773; x_wconf 84' lang='lat' dir='ltr'><strong>qui-</strong></span> 
     </span>
    </p>
   </div>
   <div class='ocr_carea' id='block_1_3' title="bbox 243 1821 1709 2164">
    <p class='ocr_par' dir='ltr' id='par_1_4' title="bbox 243 1821 1705 1869">
     <span class='ocr_line' id='line_1_27' title="bbox 243 1821 1705 1869; baseline 0.008 -19"><span class='ocrx_word' id='word_1_218' title='bbox 243 1824 289 1861; x_wconf 82' lang='lat' dir='ltr'><strong>m&gt;</strong></span> <span class='ocrx_word' id='word_1_219' title='bbox 310 1822 338 1851; x_wconf 78' lang='lat' dir='ltr'><strong>Si</strong></span> <span class='ocrx_word' id='word_1_220' title='bbox 355 1821 461 1852; x_wconf 75' lang='lat' dir='ltr'><strong>candor</strong></span> <span class='ocrx_word' id='word_1_221' title='bbox 478 1823 557 1853; x_wconf 81' lang='lat' dir='ltr'><strong>lanae</strong></span> <span class='ocrx_word' id='word_1_222' title='bbox 573 1822 698 1853; x_wconf 78' lang='lat' dir='ltr'><strong>maxime</strong></span> <span class='ocrx_word' id='word_1_223' title='bbox 712 1823 818 1862; x_wconf 78' lang='lat' dir='ltr'><strong>placet,</strong></span> <span class='ocrx_word' id='word_1_224' title='bbox 843 1830 993 1861; x_wconf 82' lang='lat' dir='ltr'><strong>nunquam</strong></span> <span class='ocrx_word' id='word_1_225' title='bbox 1009 1832 1068 1852; x_wconf 87' lang='lat' dir='ltr'><strong>non</strong></span> <span class='ocrx_word' id='word_1_226' title='bbox 1083 1822 1291 1853; x_wconf 69' lang='lat' dir='ltr'><strong>candidiffimos</strong></span> <span class='ocrx_word' id='word_1_227' title='bbox 1312 1833 1403 1856; x_wconf 83' lang='lat' dir='ltr'><strong>mares</strong></span> <span class='ocrx_word' id='word_1_228' title='bbox 1423 1826 1539 1867; x_wconf 84' lang='lat' dir='ltr'><strong>legeris:</strong></span> <span class='ocrx_word' id='word_1_229' title='bbox 1564 1832 1705 1869; x_wconf 75' lang='lat' dir='ltr'><strong>quoniam</strong></span> 
     </span>
    </p>

    <p class='ocr_par' dir='ltr' id='par_1_5' title="bbox 288 1862 1709 1984">
     <span class='ocr_line' id='line_1_28' title="bbox 288 1862 1709 1907; baseline 0.006 -15"><span class='ocrx_word' id='word_1_230' title='bbox 288 1873 325 1893; x_wconf 84' lang='lat' dir='ltr'><strong>ex</strong></span> <span class='ocrx_word' id='word_1_231' title='bbox 336 1864 401 1893; x_wconf 78' lang='lat' dir='ltr'><strong>albo</strong></span> <span class='ocrx_word' id='word_1_232' title='bbox 416 1862 496 1903; x_wconf 85' lang='lat' dir='ltr'><strong>saepe</strong></span> <span class='ocrx_word' id='word_1_233' title='bbox 509 1864 600 1894; x_wconf 82' lang='lat' dir='ltr'><strong>fuscus</strong></span> <span class='ocrx_word' id='word_1_234' title='bbox 612 1864 706 1894; x_wconf 83' lang='lat' dir='ltr'><strong>editur</strong></span> <span class='ocrx_word' id='word_1_235' title='bbox 721 1872 833 1903; x_wconf 80' lang='lat' dir='ltr'><strong>partus;</strong></span> <span class='ocrx_word' id='word_1_236' title='bbox 853 1873 889 1893; x_wconf 86' lang='lat' dir='ltr'><strong>cx</strong></span> <span class='ocrx_word' id='word_1_237' title='bbox 903 1863 1053 1903; x_wconf 79' lang='lat' dir='ltr'><strong>erythraeo</strong></span> <span class='ocrx_word' id='word_1_238' title='bbox 1068 1866 1110 1894; x_wconf 92' lang='lat' dir='ltr'><strong>vel</strong></span> <span class='ocrx_word' id='word_1_239' title='bbox 1126 1866 1204 1904; x_wconf 89' lang='lat' dir='ltr'><strong>pullo</strong></span> <span class='ocrx_word' id='word_1_240' title='bbox 1220 1875 1368 1905; x_wconf 83' lang='lat' dir='ltr'><strong>nunquam</strong></span> <span class='ocrx_word' id='word_1_241' title='bbox 1383 1878 1535 1907; x_wconf 77' lang='lat' dir='ltr'><strong>generatur</strong></span> <span class='ocrx_word' id='word_1_242' title='bbox 1548 1873 1628 1903; x_wconf 84' lang='lat' dir='ltr'><strong>albus</strong></span> <span class='ocrx_word' id='word_1_243' title='bbox 1643 1875 1709 1905; x_wconf 74' lang='lat' dir='ltr'><strong>Co-</strong></span> 
     </span>
     <span class='ocr_line' id='line_1_29' title="bbox 290 1905 1706 1956; baseline 0.009 -23"><span class='ocrx_word' id='word_1_244' title='bbox 290 1915 332 1934; x_wconf 68' lang='grc' dir='ltr'><strong>ιιι</strong></span> <span class='ocrx_word' id='word_1_245' title='bbox 342 1916 386 1934; x_wconf 78' lang='lat' dir='ltr'><strong>ME</strong></span> <span class='ocrx_word' id='word_1_246' title='bbox 396 1916 444 1934; x_wconf 76' lang='grc' dir='ltr'><strong>ιι..</strong></span> <span class='ocrx_word' id='word_1_247' title='bbox 471 1906 529 1935; x_wconf 81' lang='lat' dir='ltr'><strong>Lib.</strong></span> <span class='ocrx_word' id='word_1_248' title='bbox 550 1907 614 1938; x_wconf 84' lang='lat' dir='ltr'><em>VII.</em></span> <span class='ocrx_word' id='word_1_249' title='bbox 626 1913 687 1945; x_wconf 80' lang='lat' dir='ltr'><em>cap.</em></span> <span class='ocrx_word' id='word_1_250' title='bbox 702 1917 725 1935; x_wconf 82' lang='lat'><strong>2.</strong></span> <span class='ocrx_word' id='word_1_251' title='bbox 777 1905 859 1935; x_wconf 83' lang='lat' dir='ltr'><strong>Istius</strong></span> <span class='ocrx_word' id='word_1_252' title='bbox 882 1907 1023 1935; x_wconf 75' lang='lat' dir='ltr'><strong>rationem</strong></span> <span class='ocrx_word' id='word_1_253' title='bbox 1043 1906 1168 1937; x_wconf 83' lang='lat' dir='ltr'><strong>reddidit</strong></span> <span class='ocrx_word' id='word_1_254' title='bbox 1196 1909 1223 1939; x_wconf 79' lang='lat' dir='ltr'>V</span> <span class='ocrx_word' id='word_1_255' title='bbox 1233 1918 1241 1936; x_wconf 87' lang='lat'><em>1</em></span> <span class='ocrx_word' id='word_1_256' title='bbox 1251 1918 1295 1937; x_wconf 68' lang='lat' dir='ltr'><strong>Ro</strong></span> <span class='ocrx_word' id='word_1_257' title='bbox 1306 1919 1315 1937; x_wconf 73' lang='grc' dir='ltr'><em>ι</em></span> <span class='ocrx_word' id='word_1_258' title='bbox 1325 1919 1340 1938; x_wconf 78' lang='grc' dir='ltr'><strong>ι.</strong></span> <span class='ocrx_word' id='word_1_259' title='bbox 1351 1919 1411 1940; x_wconf 77' lang='lat' dir='ltr'><strong>ius</strong></span> <span class='ocrx_word' id='word_1_260' title='bbox 1435 1921 1450 1941; x_wconf 82' lang='lat' dir='ltr'><strong>a</strong></span> <span class='ocrx_word' id='word_1_261' title='bbox 1474 1911 1620 1945; x_wconf 76' lang='lat' dir='ltr'><strong>Columella</strong></span> <span class='ocrx_word' id='word_1_262' title='bbox 1635 1926 1706 1956; x_wconf 86' lang='lat' dir='ltr'><strong>quo-</strong></span> 
     </span>
     <span class='ocr_line' id='line_1_30' title="bbox 289 1955 473 1984; baseline 0.005 -9"><span class='ocrx_word' id='word_1_263' title='bbox 289 1955 344 1984; x_wconf 85' lang='lat' dir='ltr'><strong>que</strong></span> <span class='ocrx_word' id='word_1_264' title='bbox 359 1955 473 1979; x_wconf 80' lang='lat' dir='ltr'><strong>citatus:</strong></span> 
     </span>
    </p>

    <p class='ocr_par' dir='ltr' id='par_1_6' title="bbox 403 1996 1131 2038">
     <span class='ocr_line' id='line_1_31' title="bbox 403 1996 1131 2038; baseline 0.005 -13"><span class='ocrx_word' id='word_1_265' title='bbox 403 1996 485 2026; x_wconf 82' lang='lat' dir='ltr'><strong>illum</strong></span> <span class='ocrx_word' id='word_1_266' title='bbox 500 2005 611 2032; x_wconf 78' lang='lat' dir='ltr'><strong>autem,</strong></span> <span class='ocrx_word' id='word_1_267' title='bbox 631 1998 701 2027; x_wconf 80' lang='lat' dir='ltr'><strong>aries</strong></span> <span class='ocrx_word' id='word_1_268' title='bbox 716 1999 844 2037; x_wconf 82' lang='lat' dir='ltr'><strong>quamvis</strong></span> <span class='ocrx_word' id='word_1_269' title='bbox 861 1998 892 2028; x_wconf 79' lang='lat' dir='ltr'><strong>fit</strong></span> <span class='ocrx_word' id='word_1_270' title='bbox 908 1998 1046 2028; x_wconf 78' lang='lat' dir='ltr'><strong>candidus</strong></span> <span class='ocrx_word' id='word_1_271' title='bbox 1057 1998 1131 2038; x_wconf 83' lang='lat' dir='ltr'><strong>ipse,</strong></span> 
     </span>
    </p>

    <p class='ocr_par' dir='ltr' id='par_1_7' title="bbox 402 2041 1094 2084">
     <span class='ocr_line' id='line_1_32' title="bbox 402 2041 1094 2084; baseline 0.006 -14"><span class='ocrx_word' id='word_1_272' title='bbox 402 2043 496 2081; x_wconf 77' lang='lat' dir='ltr'><strong>Nigra</strong></span> <span class='ocrx_word' id='word_1_273' title='bbox 512 2041 602 2072; x_wconf 86' lang='lat' dir='ltr'><strong>subest</strong></span> <span class='ocrx_word' id='word_1_274' title='bbox 616 2044 675 2072; x_wconf 87' lang='lat' dir='ltr'><strong>udo</strong></span> <span class='ocrx_word' id='word_1_275' title='bbox 691 2052 800 2073; x_wconf 81' lang='lat' dir='ltr'><strong>tautum</strong></span> <span class='ocrx_word' id='word_1_276' title='bbox 815 2046 866 2080; x_wconf 61' lang='lat' dir='ltr'><strong>cui</strong></span> <span class='ocrx_word' id='word_1_277' title='bbox 877 2045 975 2083; x_wconf 84' lang='lat' dir='ltr'><strong>lingua</strong></span> <span class='ocrx_word' id='word_1_278' title='bbox 990 2045 1094 2084; x_wconf 79' lang='lat' dir='ltr'><strong>palato,</strong></span> 
     </span>
    </p>

    <p class='ocr_par' dir='ltr' id='par_1_8' title="bbox 403 2088 1047 2130">
     <span class='ocr_line' id='line_1_33' title="bbox 403 2088 1047 2130; baseline 0.009 -15"><span class='ocrx_word' id='word_1_279' title='bbox 403 2088 498 2124; x_wconf 73' lang='lat' dir='ltr'><strong>Rejiee</strong></span> <span class='ocrx_word' id='word_1_280' title='bbox 509 2109 517 2121; x_wconf 89' lang='lat'>‚</span> <span class='ocrx_word' id='word_1_281' title='bbox 533 2098 567 2117; x_wconf 83' lang='lat' dir='ltr'><strong>ue</strong></span> <span class='ocrx_word' id='word_1_282' title='bbox 583 2091 699 2120; x_wconf 83' lang='lat' dir='ltr'><strong>maculis</strong></span> <span class='ocrx_word' id='word_1_283' title='bbox 712 2089 831 2120; x_wconf 71' lang='lat' dir='ltr'><strong>infuscet</strong></span> <span class='ocrx_word' id='word_1_284' title='bbox 845 2091 952 2129; x_wconf 70' lang='lat' dir='ltr'><strong>vellera</strong></span> <span class='ocrx_word' id='word_1_285' title='bbox 961 2092 1047 2130; x_wconf 78' lang='lat' dir='ltr'><strong>pullis</strong></span> 
     </span>
    </p>

    <p class='ocr_par' dir='ltr' id='par_1_9' title="bbox 405 2133 654 2164">
     <span class='ocr_line' id='line_1_34' title="bbox 405 2133 654 2164; baseline 0.004 -1"><span class='ocrx_word' id='word_1_286' title='bbox 405 2133 594 2164; x_wconf 76' lang='lat' dir='ltr'><strong>Nascentum.</strong></span> <span class='ocrx_word' id='word_1_287' title='bbox 615 2152 654 2159; x_wconf 89' lang='lat'><strong>-·</strong></span> 
     </span>
    </p>
   </div>
   <div class='ocr_carea' id='block_1_4' title="bbox 1268 2178 1287 2187">
    <p class='ocr_par' dir='ltr' id='par_1_10' title="bbox 1268 2178 1287 2187">
     <span class='ocr_line' id='line_1_35' title="bbox 1268 2178 1287 2187; baseline 0 0"><span class='ocrx_word' id='word_1_288' title='bbox 1268 2178 1287 2187; x_wconf 52' lang='grc' dir='ltr'><em>α</em></span> 
     </span>
    </p>
   </div>
   <div class='ocr_carea' id='block_1_5' title="bbox 290 2197 1707 2284">
    <p class='ocr_par' dir='ltr' id='par_1_11' title="bbox 290 2197 1707 2284">
     <span class='ocr_line' id='line_1_36' title="bbox 290 2197 1707 2246; baseline 0.008 -20"><span class='ocrx_word' id='word_1_289' title='bbox 290 2198 323 2227; x_wconf 79' lang='lat' dir='ltr'><strong>Et</strong></span> <span class='ocrx_word' id='word_1_290' title='bbox 337 2203 395 2235; x_wconf 77' lang='lat' dir='ltr'><em>cop.</em></span> <span class='ocrx_word' id='word_1_291' title='bbox 410 2208 434 2231; x_wconf 81' lang='lat'><strong>9-</strong></span> <span class='ocrx_word' id='word_1_292' title='bbox 449 2197 516 2227; x_wconf 83' lang='lat' dir='ltr'><strong>item</strong></span> <span class='ocrx_word' id='word_1_293' title='bbox 544 2199 594 2227; x_wconf 87' lang='lat' dir='ltr'><strong>Co</strong></span> <span class='ocrx_word' id='word_1_294' title='bbox 606 2208 794 2228; x_wconf 61' lang='lat' dir='ltr'><strong>numum:</strong></span> <span class='ocrx_word' id='word_1_295' title='bbox 817 2199 948 2230; x_wconf 70' lang='lat' dir='ltr'><strong>inomni</strong></span> <span class='ocrx_word' id='word_1_296' title='bbox 965 2199 1071 2240; x_wconf 72' lang='lat' dir='ltr'><strong>g‘enere</strong></span> <span class='ocrx_word' id='word_1_297' title='bbox 1085 2198 1305 2240; x_wconf 79' lang='lat' dir='ltr'><strong>quadrupedum</strong></span> <span class='ocrx_word' id='word_1_298' title='bbox 1326 2200 1432 2240; x_wconf 75' lang='lat' dir='ltr'><strong>specles</strong></span> <span class='ocrx_word' id='word_1_299' title='bbox 1451 2204 1535 2234; x_wconf 71' lang='lat' dir='ltr'><strong>maris</strong></span> <span class='ocrx_word' id='word_1_300' title='bbox 1558 2204 1707 2246; x_wconf 73' lang='lat' dir='ltr'><strong>diligenter</strong></span> 
     </span>
     <span class='ocr_line' id='line_1_37' title="bbox 294 2239 1704 2284; baseline 0.004 -14"><span class='ocrx_word' id='word_1_301' title='bbox 294 2239 409 2279; x_wconf 68' lang='lat' dir='ltr'><strong>eligitur</strong></span> <span class='ocrx_word' id='word_1_302' title='bbox 419 2260 427 2274; x_wconf 84' lang='lat'>‚</span> <span class='ocrx_word' id='word_1_303' title='bbox 450 2240 594 2280; x_wconf 31' lang='lat' dir='ltr'><strong>quoniam·</strong></span> <span class='ocrx_word' id='word_1_304' title='bbox 605 2239 767 2281; x_wconf 81' lang='lat' dir='ltr'><strong>frequenter</strong></span> <span class='ocrx_word' id='word_1_305' title='bbox 779 2241 852 2281; x_wconf 64' lang='lat' dir='ltr'><strong>pan-i</strong></span> <span class='ocrx_word' id='word_1_306' title='bbox 868 2241 983 2283; x_wconf 66' lang='lat' dir='ltr'><strong>limiliot</strong></span> <span class='ocrx_word' id='word_1_307' title='bbox 998 2242 1037 2273; x_wconf 77' lang='lat' dir='ltr'><strong>est</strong></span> <span class='ocrx_word' id='word_1_308' title='bbox 1050 2242 1202 2282; x_wconf 79' lang='lat' dir='ltr'><strong>progenies</strong></span> <span class='ocrx_word' id='word_1_309' title='bbox 1218 2251 1304 2283; x_wconf 77' lang='lat' dir='ltr'><strong>quam</strong></span> <span class='ocrx_word' id='word_1_310' title='bbox 1318 2244 1410 2284; x_wconf 73' lang='lat' dir='ltr'><strong>matri.¹</strong></span> <span class='ocrx_word' id='word_1_311' title='bbox 1698 2247 1704 2248; x_wconf 49' lang='lat'><em>⁷</em></span> 
     </span>
    </p>
   </div>
  </div>
 </body>
</html>
