2032 2732
790 215 947 274 ’Ξὴᾱῖ
1029 215 1178 270 (24)
1270 209 1424 270 ’Ξὴᾱέ

317 320 385 362 vel
404 316 665 367 consistentia,
694 318 881 358 materiae
903 316 942 355 in
966 312 1144 356 folliculo
1169 310 1323 355 Moschi
1351 309 1512 352 masculi
1540 321 1750 353 contentae
1773 312 1899 354 muta-¹

319 378 471 418 tionem
489 375 742 428 contingere,
772 372 838 414 vel
855 383 1036 426 unquam
1053 368 1303 413 observatam
1319 365 1441 410 fuisse.
1499 368 1771 409 Nonexaltari
1791 368 1896 414 illam

320 432 363 474 Sc
379 429 607 472 fluidiorem
626 428 759 480 reddi,
780 440 826 470 ut
842 428 1058 470 irritatione
1075 426 1217 469 animal
1235 428 1334 468 cieat
1346 458 1355 476 ,
1383 424 1532 466 adtritu
1548 422 1711 465 folliculi
1727 423 1776 465 ad
1797 421 1900 474 saxa,

321 488 363 530 8(
381 489 526 529 ichoris
544 486 813 542 expressione,
841 484 1026 527 levamen
1040 496 1247 539 quaerere.
1300 482 1532 537 Quemnam
1559 493 1660 536 ergo
1687 478 1799 522 usum
1822 483 1898 522 ani-

316 544 411 586 mali
431 543 629 598 praestat?
659 541 851 601 Qidque
870 543 910 582 in
929 539 1042 582 causa
1057 541 1131 593 est,
1161 553 1286 595 quare
1311 538 1356 578 T
1358 538 1554 594 ybetanus
1585 535 1777 579 Moschus
1803 537 1899 579 Sibi-

319 602 468 652 ricum,
499 614 522 642 a
540 614 622 656 quo
641 613 773 641 tamen
792 597 920 654 specie
939 599 1173 654 neutiquam
1192 594 1344 649 differt,
1373 608 1483 637 tanto
1508 591 1748 649 fragrantiae
1764 594 1898 649 gradu

319 655 507 715 superet?

444 728 565 785 Ufitm
584 727 769 778 folliculi,
805 728 1062 782 contentique
1080 725 1331 769 odoramenti
1357 725 1552 778 imprimis
1571 736 1791 765 venereum
1810 723 1903 775 esse,

319 788 416 831 situs
435 785 590 827 indicat.
649 785 692 825 In
723 783 930 839 congressu
955 784 1037 825 fieri
1064 797 1144 824 non
1172 782 1322 837 petest,
1348 783 1447 836 quin
1471 794 1494 821 a
1517 779 1703 822 musculis
1720 782 1900 828 cutaneis

318 844 522 900 praeputii
541 842 752 895 &impetu
768 839 945 880 animalis
963 838 1115 895 pressus
1133 840 1445 892 comprimatur,
1479 836 1520 877 &
1538 849 1633 877 tunc
1642 836 1748 879 forte
1765 837 1899 892 aliqua

316 900 366 942 fit
383 901 594 953 magmatis
613 898 788 938 contenti
807 897 1001 946 excretio,
1031 894 1081 936 ad
1108 894 1345 936 irritandum
1369 891 1623 946 congreffum
1650 906 1732 934 non
1755 894 1899 935 inutilis

317 954 478 1006 futura,
508 956 565 995 uti
585 968 606 994 e
632 950 775 994 lascivo
800 949 956 993 Moschi
977 949 1047 992 usu
1074 950 1184 1006 apud
1209 950 1362 992 Indicas
1392 949 1433 990 ἃ
1459 948 1737 1004 Aegyptiacas
1758 948 1900 991 femi-l-

320 1012 378 1054 las
402 1010 440 1062 *)
460 1024 539 1052 non
556 1010 760 1064 incognito
778 1006 865 1050 satis
884 1019 1004 1064 patet.
1062 1007 1227 1049 Femina
1246 1005 1373 1058 fimul,
1390 1004 1652 1047 odoramento
1668 1004 1827 1058 εἱΐεὲὶε,
1846 1007 1901 1048 in-

320 1068 489 1110 delebile
506 1066 555 1108 ad
573 1079 732 1121 tempus
752 1063 876 1107 refert
892 1064 1051 1119 fignum
1067 1062 1319 1120 congressus,
1350 1075 1431 1116 qno
1449 1060 1644 1104 fortealiis
1660 1060 1839 1104 masculis
1851 1061 1902 1106 se-

319 1126 403 1167 rius
420 1122 701 1166 accedentibus
722 1121 918 1177 cupidinis
935 1120 1160 1176 superfluae
1176 1118 1338 1163 futurae
1356 1116 1507 1160 sensum
1525 1119 1743 1174 restinguit.
1802 1119 1901 1163 Erat

319 1184 438 1224 etiam
457 1180 633 1230 animali,
664 1178 775 1234 quod
791 1178 999 1220 solitariam
1022 1175 1108 1219 fere
1127 1180 1247 1220 vitam
1273 1179 1313 1217 in
1340 1175 1510 1217 horridis
1535 1172 1736 1229 sylvarum
1759 1179 1900 1219 monti-

318 1251 474 1293 umque
492 1234 706 1279 recessibus
725 1237 827 1291 agit,
858 1233 1090 1277 necessarius
1109 1233 1211 1275 odor
1229 1232 1435 1287 specificus
1453 1230 1658 1286 infignior‚
1689 1245 1784 1288 quo,
1803 1245 1898 1276 tem-

320 1307 423 1351 pore
441 1294 758 1348 prolificationis,
789 1306 812 1333 e
835 1292 1057 1346 longinquo
1089 1292 1299 1332 convenire
1327 1286 1479 1343 poffent
1503 1287 1709 1342 conjuges,
1736 1313 1793 1319 -—-
1847 1290 1899 1332 Et

320 1353 410 1407 quis
426 1350 529 1393 dicat
545 1363 679 1391 nonne
698 1348 820 1390 alium
845 1346 1069 1404 quendam,
1101 1350 1286 1402 ignotum
1313 1344 1451 1396 nobis,
1482 1341 1596 1384 usum
1621 1345 1899 1389 constitutione

319 1407 496 1450 animalis
525 1404 782 1449 necessarium
813 1406 1055 1458 (nervinum
1081 1403 1214 1456 forte)
1241 1401 1414 1459 praestet
1439 1399 1605 1443 coner-*ta
1648 1402 1688 1443 in
1718 1399 1898 1446 folliculo

320 1466 485 1507 materia
495 1462 514 1504 ’ἓ

434 1544 576 1585 Dicam
593 1554 723 1595 nune,
752 1540 850 1596 quid
869 1540 919 1583 de
939 1537 1158 1583 differentia
1180 1540 1282 1580 inter
1291 1536 1505 1579 Moschum
1523 1536 1736 1580 Sibiricum
1755 1540 1797 1582 8τ
1812 1541 1899 1597 Ty.

319 1600 512 1643 betanum
528 1598 700 1655 sentiam.
753 1597 1033 1639 Tradiderunt
1050 1596 1169 1651 aliqui
1187 1592 1415 1636 &Sinenscs
1426 1594 1660 1649 perhibent,
1683 1595 1897 1639 Moschum

319 1658 518 1708 nobilem,
548 1654 717 1696 Medicis
736 1653 991 1709 requisitum,
1021 1654 1091 1708 qui
1108 1651 1224 1693 nobis
1241 1651 1738 1706 maximee'sunquinensi
1757 1658 1896 1708 regno,

319 1714 526 1770 pauloque
541 1710 794 1767 pejorAgria
817 1709 859 1751 δε
888 1725 909 1752 e
936 1709 1165 1764 Bcngalensi
1186 1709 1349 1762 regione
1375 1706 1575 1759 adfertur,
1613 1708 1703 1750 ideo
1729 1709 1897 1751 SIbirico

317 1771 537 1826 fragrantia
554 1779 663 1809 tanto
682 1765 757 1808 effe
773 1764 1040 1821 superiorem,
1098 1764 1180 1806 uod
1198 1778 1220 1805 a
1237 1763 1282 1803 T
1284 1767 1443 1818 angutis
1471 1774 1582 1815 certo
1609 1765 1789 1820 statoque
1805 1768 1898 1807 anni

320 1839 527 1883 tempore,
558 1826 639 1865 imo
658 1823 798 1865 mensis
823 1821 886 1864 die
915 1822 1040 1864 occidi
1086 1821 1219 1862 oleant
1244 1820 1434 1862 animalia.
1499 1818 1591 1869 Sed,
1612 1834 1897 1876 praeterquam

321 1883 432 1939 quod
456 1882 558 1923 istud
586 1879 765 1921 fabulam
790 1876 907 1933 sapit,
949 1877 1082 1923 saltem
1111 1876 1326 1931 aliquando
1354 1877 1460 1930 paris
1494 1875 1679 1919 bonitatis
1704 1878 1898 1921 Moschus

320 1943 439 1982 etiam
455 1941 493 1980 in
510 1936 649 1978 Sibiria
668 1947 918 1985 occurreret,
951 1936 977 1976 fi
1003 1933 1054 1976 ab
1083 1947 1189 1974 anno
1218 1944 1401 1986 tempore
1425 1931 1618 1986 penderet
1645 1933 1896 1977 odoramenti

321 1996 526 2047 nobilita53
556 2003 731 2046 namque
747 1989 938 2049 Tungusi
954 1990 995 2032 δι
1010 1990 1146 2044 ‚Jacuti
1164 1989 1304 2043 quovis
1322 1991 1412 2030 anni
1431 2001 1614 2043 ternpore
1633 1991 1812 2033 animalia
1830 1993 1897 2034 ista

319 2077 321 2079 -
1812 2061 1896 2090 cae-

385 2152 415 2188 κ)
439 2143 831 2189 Unguentum'adstringens
845 2141 875 2173 ἃ
890 2140 1129 2183 aphrodisiacum
1140 2161 1149 2178 ‚
1167 2150 1236 2170 cum
1253 2139 1379 2170 Moscho
1394 2139 1424 2171 &
1439 2139 1603 2179 Ammine,
1625 2141 1772 2173 Persarum
1788 2142 1897 2175 foemi-

448 2193 493 2220 nis
510 2187 664 2224 usitatum,
681 2185 767 2215 habet
782 2188 804 2213 S
821 2187 996 2214 &Garum
1016 2187 1087 2218 Rasa
1100 2187 1125 2210 in
1141 2185 1273 2217 Russland
1284 2193 1302 2212 3
1315 2186 1401 2217 ΤΙι.,υ.
1414 2192 1476 2216 529.
1528 2182 1722 2224 Similemque
1737 2186 1899 2223 turpitudi-

447 2242 515 2261 nem
534 2229 569 2260 de
587 2227 847 2268 lal'civ-JishAegypti
866 2224 992 2256 femellis
1007 2231 1103 2256 narrat
1119 2226 1213 2260 Prqsp,
1229 2226 1373 2254 Aternus
1391 2228 1422 2252 de
1436 2227 1527 2254 Medic.
1550 2228 1662 2263 Aegypt.
1679 2229 1724 2258 lib.
1734 2237 1763 2259 3.
1785 2238 1841 2262 cap,
1858 2240 1899 2262 15>

1821 2269 1896 2300 celc=
