2032 2732
561 249 720 307 naa-2
1022 258 1048 303 v>
1165 251 1324 307 aaa&

180 348 371 391 chmiam
401 348 446 391 ἀ
473 347 656 390 Kumam
686 341 724 385 fl.
764 345 953 387 maxime
985 345 1176 404 copiosae
1206 344 1314 395 sunt,
1345 347 1389 389 in
1433 347 1707 407 Kirgifiorum

181 406 342 449 deserto
359 406 484 466 usque
504 403 556 446 ad
573 414 799 444 montanos
813 401 968 445 tracitus
987 403 1038 447 ab
1055 404 1189 447 austro
1207 405 1467 449 includentes
1484 406 1708 454 discedunt.

181 465 294 507 Vere
310 477 448 508 autem
465 459 628 520 sparsim
648 460 693 502 <Sc
710 461 848 518 parvis
864 459 1064 518 gregibus
1095 462 1272 516 redeunt
1303 464 1354 506 ad
1387 463 1533 522 pascua
1565 464 1709 510 borea-

180 522 301 568 liora‚
337 523 485 579 partim
510 519 755 562 [Nomadum
782 519 1118 576 migrationibus,
1160 522 1312 578 partim
1337 521 1520 580 ignibut,
1560 524 1708 582 quibus

179 579 328 623 hezbas
348 578 469 621 siccas
485 576 733 620 succendere
752 577 781 619 ii
806 575 954 627 solent,
985 575 1142 634 pulsae,
1169 581 1257 621 imo
1280 579 1411 622 aestus
1439 597 1524 642 quo
1557 598 1610 624 ue
1635 584 1711 630 im-

180 640 393 695 patientes.
455 635 584 678 Tunc
599 633 1053 689 interJa‘i'kum&Irtin
1071 634 1196 695 usque
1215 637 1267 679 ad
1286 636 1501 681 lschimum
1521 596 1710 691 Huvium,

170 698 221 750 *in
241 692 441 753 Volgensi
458 692 620 736 deserto
639 693 765 753 usque
783 693 835 735 ad
850 693 1069 736 Samaram
1085 693 1324 752 frequentes
1341 698 1524 747 venium,
1557 710 1710 740 totum-²

210 767 261 795 ue
284 753 483 796 Tatariae
515 751 751 809 campestris
777 750 951 808 spatium
975 752 1159 809 replent,
1194 753 1269 803 ita,
1308 764 1355 794 ut
1380 752 1614 813 ubicunque
1638 771 1712 814 per

179 768 383 855 {remum
400 810 589 853 incedas,
617 808 857 867 praesertim
887 811 929 851 in
959 811 1110 852 vicina
1138 808 1389 852 fluentorum
1418 825 1488 854 aut
1513 827 1713 872 aquarum

179 869 475 925 stagnantium,
506 868 692 925 quotidie
708 880 948 916 occurrant,
979 867 1267 911 itinerantibus
1290 884 1376 911 non
1395 871 1622 928 exiguum,
1639 886 1712 914 ve-

178 930 350 971 natione
367 925 492 974 facili‚
524 940 715 982 annonae
738 925 1068 967 additamentum
1094 926 1355 983 praebentes
1419 927 1487 972 ab
1505 930 1621 989 aquis
1639 944 1711 972 ve·

179 1000 229 1028 ro
250 980 400 1027 aestate
418 999 503 1025 non
521 983 617 1024 ultr]
639 983 797 1041 aliquot
816 982 1003 1024 milliaria
1020 984 1220 1026 recedunt
1233 1014 1244 1029 ,
1272 985 1542 1043 tramitesque
1563 988 1604 1028 in
1623 988 1712 1047 qui-

180 1042 258 1088 bus
291 1041 460 1086 crebro.
504 1042 692 1082 maxime
716 1042 947 1082 meridiano
980 1051 1195 1099 tempore,
1241 1055 1436 1102 aquatum
1468 1045 1712 1095 decurrunt,

178 1098 323 1159 passim
340 1101 383 1141 in
398 1098 567 1142 desertis
583 1096 770 1141 tritiffimi
787 1111 999 1156 apparent.
1060 1100 1214 1159 Neque
1235 1100 1274 1141 in
1295 1100 1474 1143 arenosis
1497 1099 1712 1152 tractibus,

172 1157 252 1205 ,ubi
275 1172 389 1200 rarus
420 1155 729 1198 Artemiiiarum
757 1168 1008 1212 proventus,
1040 1156 1189 1198 versari
1215 1169 1376 1205 amant,
1406 1158 1712 1220 laetiffimisque

181 1216 337 1275 pascuis
373 1213 614 1274 praeferunt
648 1228 821 1270 campos
856 1211 1026 1256 limosos
1060 1212 1299 1272 squallidos,
1335 1214 1500 1275 saleque
1525 1214 1713 1262 efflores-

183 1286 338 1318 centes.

298 1333 410 1374 Raro
444 1328 644 1372 solitariae
675 1329 874 1371 incedunt
895 1329 1069 1388 Sa’igae3
1099 1329 1250 1373 aestate
1275 1331 1403 1374 etiam
1429 1332 1557 1375 adulti
1581 1345 1714 1376 mares

178 1392 314 1448 plures
331 1389 523 1445 sociatim
551 1402 639 1429 cum
666 1388 828 1439 fhmims
864 1387 913 1430 ἔθ’
939 1389 1075 1429 hoedis
1112 1386 1341 1446 pascuntur,
1404 1389 1453 1432 In
1499 1391 1711 1440 cicuratis‚

186 1464 293 1507 quos
311 1447 410 1496 alui,
439 1444 590 1488 hoedis
612 1443 859 1503 singularem
882 1443 1101 1488 observavi
1123 1461 1310 1495 morem,
1345 1448 1416 1506 qui
1443 1446 1549 1490 mihi
1572 1449 1625 1491 ad
1652 1449 1713 1490 in-

185 1505 381 1550 stinffitum
400 1503 611 1564 quendam
626 1518 704 1560 pro
722 1501 936 1546 securitate
962 1502 1028 1545 sua
1045 1504 1246 1562 vigilandi
1273 1507 1483 1564 pertinere
1509 1506 1617 1549 visus
1643 1505 1711 1549 est.

188 1564 358 1609 Scilicet
388 1577 475 1604 non
504 1575 664 1614 omnes,
683 1559 799 1603 simul
816 1560 987 1610 cubant,
1018 1560 1088 1604 sed
1110 1561 1236 1622 aliqui
1258 1562 1532 1607 obambulant
1556 1563 1600 1606 ὅι
1620 1578 1714 1622 pas-

191 1634 358 1669 cuntur,
395 1620 495 1662 dum
517 1617 729 1678 quiescunt
753 1619 952 1678 plerique.
1024 1619 1099 1661 Ex
1121 1619 1186 1662 his
1214 1632 1377 1670 autem,
1418 1619 1527 1681 quasi
1551 1622 1715 1680 vigilias

189 1677 431 1739 agentibus,
474 1677 609 1719 nullus
637 1677 691 1718 ad
717 1678 902 1736 quietem
929 1677 1284 1734 componebatur,
1326 1677 1401 1721 nifi
1426 1679 1630 1723 accedens
1659 1680 1713 1722 ad

188 1737 428 1782 cubantium
451 1735 652 1794 aliquem,
682 1733 955 1793 singularique
981 1733 1165 1793 paffuum
1189 1735 1235 1778 <Sc
1259 1737 1404 1795 capitis
1430 1737 1546 1795 gestu
1567 1737 1713 1780 volun-

188 1808 318 1839 tatem
344 1792 454 1852 quasi
479 1793 684 1839 indicans;
714 1791 906 1851 surgebat
929 1804 1028 1834 tunc
1050 1794 1230 1852 impigre
1256 1797 1325 1853 qui
1351 1793 1627 1844 decubuerat,
1653 1797 1713 1840 in-

188 1868 270 1912 que
289 1853 428 1894 locum
445 1855 529 1904 ejus
545 1849 776 1894 subsidebat
793 1850 908 1899 alter,
931 1849 1042 1910 quasi
1057 1852 1210 1909 vigiliis
1231 1850 1271 1894 se
1287 1851 1507 1896 liberatum
1522 1852 1713 1897 sentiens.

189 1911 238 1955 ln
265 1909 431 1953 desertis
456 1909 625 1957 itidem,
662 1908 898 1967 ubieunque
923 1909 1071 1966 Sa'igas
1093 1909 1181 1952 vicli
1205 1908 1425 1960 cubantes,
1461 1910 1622 1969 semper
1644 1911 1715 1954 ali-

188 1983 287 2026 quas
305 1970 347 2009 in
360 1967 548 2009 excubiis
565 1966 825 2009 ambulantes
835 1965 1132 2009 observavi.-'—
1188 1967 1336 2027 anue
1355 1970 1619 2026 providentia
1638 1970 1713 2011 uti-

190 2041 272 2088 que
289 2040 364 2082 pro
382 2024 506 2066 salute
521 2023 675 2066 horum
691 2025 930 2067 animalium
947 2025 1136 2067 maxime
1162 2024 1381 2068 necessaria
1403 2026 1472 2069 est.
1533 2028 1635 2069 Non
1654 2025 1713 2068 so-

189 2086 276 2128 lum
294 2084 409 2125 enim
425 2080 614 2124 imbelles
632 2080 742 2131 sunt,
771 2084 848 2125 vix
862 2083 1002 2141 parvis
1021 2081 1118 2124 seris
1134 2084 1284 2141 pariles
1304 2084 1477 2142 Sangae,
1509 2083 1576 2127 sed
1599 2098 1711 2125 com-

187 2141 373 2202 pluribus
397 2140 525 2182 etiam
548 2140 658 2181 vitiis
678 2142 744 2193 (ut
765 2141 823 2183 ita
837 2141 994 2196 dicam)
1012 2140 1222 2191 laborant,
1252 2140 1401 2201 quibus
1428 2143 1614 2184 maxime
1637 2140 1713 2184 ob-

186 2202 345 2245 noxiae
370 2197 595 2240 redduntur
610 2196 832 2253 Luporum
844 2213 919 2258 per
935 2198 1093 2242 deserta
1107 2200 1349 2250 errantium,
1378 2211 1712 2259 venatorumque

225 2276 228 2279 ·
277 2256 408 2314 spicil.
428 2255 538 2299 Zool.
560 2255 657 2306 Fafc.
674 2255 767 2297 XII.
1089 2256 1137 2300 D
1591 2296 1594 2301 ‚
1622 2254 1711 2301 inst,
