2032 2732
747 91 902 152 Qus?
985 91 1124 150 (42)
1210 86 1366 147 Qut-⁶2

279 199 439 258 Sinifler
458 196 641 247 bilobus,
669 191 876 248 superiore
890 192 1076 246 portione
1095 188 1236 242 longa,
1263 190 1446 242 angusta,
1466 185 1681 232 secundum
1698 191 1854 233 Corad⁴¹

281 259 502 302 scendente.
583 251 763 309 Quadrat
789 251 923 302 itaque
949 251 986 288 in
1011 243 1225 287 Moschum
1252 242 1472 287 observatio
1499 245 1786 289 BARTHomNr
1811 251 1852 288 in

284 324 390 358 (mat.
408 313 438 355 lc
468 310 566 364 oris,
597 307 668 349 ubi
687 307 922 349 divisionem
952 304 1193 359 pulmonum
1212 302 1475 358 multiplicem
1500 301 1637 344 cursus
1663 304 1857 346 velocitati

280 371 409 429 prode
441 369 462 410 'e
479 367 606 422 ponit.

395 442 491 484 COR
509 441 547 480 in
565 434 739 479 masculo
759 433 1011 489 longitudine
1028 434 1090 475 2¹¹⁴
1112 433 1186 485 3¹¹¹.
1212 429 1534 474 circumferentia
1552 430 1692 473 baseos
1703 419 1860 484 6143‘1‘2'

282 499 435 556 aequal.
452 493 659 540 [luriculae
675 491 931 545 subaequales
944 523 954 541 ,
986 491 1026 530 in
1044 489 1210 531 modum
1230 490 1365 531 cristae
1383 488 1474 543 galli
1502 487 1703 542 profunde
1724 500 1857 529 crena·

282 573 356 602 tae,
414 551 582 608 officula
608 550 727 594 nulla.
807 545 978 606 leymcts
1002 546 1180 601 infignis,
1221 560 1244 589 a
1268 544 1390 588 corde
1417 544 1468 587 ad
1491 548 1714 599 marginem
1740 531 1855 586 sterni

284 614 485 657 summum
505 606 676 652 extensa.

398 687 595 728 SCELETI
614 679 812 737 descriptio
831 676 1002 733 superest
1023 674 1147 730 (Tah.
1170 673 1207 718 V
1204 678 1252 727 .),
1285 675 1393 731 quod
1415 687 1495 717 tota
1513 688 1713 730 compage
1730 674 1857 729 magis

284 759 379 789 curn
398 743 596 791 Cervino,
628 750 751 793 quarn
769 748 863 776 cum
880 734 1166 788 Antiloparum
1186 731 1327 774 seeleto
1345 736 1543 774 convenit.

401 815 587 858 Granium
613 825 660 853 eo
690 807 908 863 singulare,
947 805 1058 861 quod
1088 803 1168 860 ipsa
1191 805 1267 846 olla
1289 804 1551 861 hregmatibzts
1573 804 1790 860 aequaliter
1815 804 1860 846 sit

286 887 490 922 convexa,
521 871 652 911 carina
670 863 947 919 longitudinali
966 862 1071 903 nulla
1085 893 1095 912 ,
1126 875 1257 917 neque
1276 862 1485 915 bregmata
1510 861 1787 916 longitudinali
1804 859 1860 902 su-

285 945 376 975 tura
395 927 508 971 divisa
527 925 624 967 sunt.
683 921 777 980 Offiz
787 917 984 976 frontalia
1000 916 1185 971 discreta,
1216 919 1319 959 inter
1336 919 1484 959 orbitas
1496 931 1693 969 convexa,
1712 930 1862 959 antror-

286 989 373 1031 sum
392 981 653 1041 planiuscula,
684 977 811 1019 media
832 974 926 1016 fossa
947 988 1134 1016 concava.
1209 973 1352 1016 Hiatus
1379 975 1480 1015 inter
1501 988 1545 1015 os
1571 973 1761 1024 frontale,
1794 987 1863 1014 un-

299 1058 411 1086 ruem
431 1044 499 1096 qui
520 1039 690 1080 orbitam
709 1036 835 1076 antice
853 1031 999 1073 claudit
1019 1032 1058 1072 &
1080 1029 1159 1072 offa
1184 1031 1420 1082 maxillaria,
1461 1029 1707 1085 respondens
1732 1030 1861 1072 fundo

287 1101 457 1157 vaginae
473 1097 651 1138 dentium
672 1094 926 1139 caninorum,
955 1090 1023 1143 qui
1041 1087 1275 1129 tantundem
1293 1087 1374 1128 fere
1384 1088 1541 1129 alveolo
1557 1088 1692 1139 latent,
1710 1100 1862 1142 quanto

290 1156 431 1200 exserti
452 1153 550 1195 sunt.
608 1148 703 1208 Ossa
721 1145 834 1202 rostri
852 1147 983 1187 tenuia
1003 1145 1043 1186 &
1063 1146 1237 1196 infirma,
1275 1144 1446 1185 hiatibus
1468 1146 1646 1186 na¹atinis
1674 1144 1861 1199 oblongis

289 1226 436 1271 pel-wa,
495 1203 856 1267 ()ffavctsifingula
876 1200 1078 1257 profunde
1100 1200 1246 1248 excisa,
1287 1193 1523 1242 intermedio
1551 1215 1744 1243 mucrone
1770 1214 1863 1255 pro-

289 1270 425 1313 datto.
485 1266 648 1320 ωσι-ἱραί
667 1262 804 1303 obtule
824 1259 995 1314 gibbum
1010 1291 1019 1309 ,
1051 1258 1268 1300 tuberculis
1288 1256 1470 1299 bifariam
1487 1258 1735 1314 angulatum.
1775 1258 1862 1299 To-

289 1341 329 1370 ta
347 1326 465 1368 cranii
483 1322 558 1364 olla
577 1317 737 1375 spatiosa
750 1351 760 1370 ,
791 1317 831 1358 &
849 1315 926 1357 osia
945 1317 1088 1356 tenuia.

408 1407 448 1446 ln
473 1399 518 1445 F
513 1400 667 1443 Geminis
692 1399 870 1439 cranium
895 1393 976 1436 solo
1008 1393 1136 1435 rostro
1164 1391 1357 1435 striffiore
1386 1391 1538 1446 differt,
1569 1406 1738 1449 propter
1757 1392 1862 1437 defe-

292 1463 405 1506 &curn
422 1461 654 1513 vaginarum
673 1468 749 1510 pro
765 1453 934 1494 lani-ariis
953 1449 1178 1501 firmandis,
1212 1463 1385 1504 quarum
1410 1451 1499 1493 loco
1524 1452 1736 1507 vestigium
1753 1453 1863 1493 mini-

290 1532 425 1570 mum,
456 1515 727 1558 oblitteratum
749 1509 913 1561 alveoli,
944 1507 1052 1563 quasi
1068 1507 1310 1548 abortientis.

407 1593 605 1641 maxillae
621 1592 813 1647 inferioris
827 1591 925 1631 rami
942 1589 1096 1644 angusti
1108 1622 1119 1641 ,
1143 1587 1315 1643 angulus
1332 1587 1469 1631 baseos
1493 1589 1610 1631 valde
1628 1590 1852 1645 produfi’tus

292 1654 542 1700 rotundatus.
601 1648 778 1694 Molares
800 1661 938 1688 omnes
960 1659 1107 1687 tartaro
1124 1643 1233 1686 fusco
1252 1645 1472 1699 incrustati,
1501 1648 1616 1688 antici
1628 1660 1707 1688 tres
1719 1624 1866 1703 simpli³

292 1728 356 1756 ces
367 1746 377 1766 ,
408 1708 581 1766 proximi
596 1706 792 1761 bipartiti,
822 1703 1046 1758 postremus
1065 1700 1301 1743 subtrifiduS.

414 1789 617 1834 Vei-tebrae
638 1785 722 1828 colli
738 1799 759 1827 a
778 1797 918 1840 quarta
937 1782 1213 1838 apophysibus
1238 1782 1398 1838 spinosis
1425 1782 1585 1834 emffls,
1624 1781 1758 1824 sensim
1783 1781 1864 1823 lon-

294 1848 477 1906 gioribus
495 1846 737 1901 prominent,
806 1839 1033 1895 Dorsallum
1061 1839 1192 1894 spinae
1211 1840 1473 1895 praelongae,
1511 1832 1673 1893 planae,
1698 1852 1864 1893 quartae

293 1909 537 1962 quintaeque
553 1900 820 1955 longiffimae,
850 1895 1069 1951 sensimque
1079 1898 1206 1950 magis
1215 1896 1423 1937 reclinatae
1439 1908 1566 1949 usque
1577 1896 1626 1936 ad
1639 1894 1864 1949 septimam3

293 1964 388 2006 hine
405 1961 633 2008 breviores,
667 1954 981 2007 erefiioresque‚
1012 1952 1220 1993 undecima
1247 1951 1376 2004 reeta,
1408 1951 1515 1992 unde
1540 1950 1746 2006 sequentes
1771 1964 1864 2005 apo-

295 2017 490 2075 phyfibus
510 2015 615 2064 latis,
647 2012 856 2061 truncatis,
886 2007 1433 2049 lumbariumfimillimae.»—
1497 2004 1701 2050 Vertcbme
1719 2005 1863 2049 lumba.

294 2089 353 2117 res
370 2074 420 2114 V.
446 2082 616 2127 quarum
635 2071 762 2123 prima
781 2065 980 2106 interdum
1005 2062 1184 2105 costifera
1208 2063 1284 2116 (ad
1301 2061 1472 2105 dorsales
1493 2078 1583 2105 mv,
1611 2063 1862 2118 referenda),

297 2132 480 2174 omnium
502 2123 728 2184 apophyses
756 2118 998 2166 transversae
1021 2120 1285 2179 praelongae,
1315 2119 1538 2165 antrorsum
1562 2134 1788 2177 vergentes.
1807 2145 1864 2152 ——-

1807 2174 1863 2218 Os
