2032 2732
603 227 783 283 ³⁶20>st
904 228 1114 280 (17)
1227 226 1410 284 Quos&

244 326 286 365 in
314 324 463 368 melius
490 323 836 381 degeneraturae,
872 331 1048 378 tumque
1080 336 1221 371 carne,
1259 323 1390 371 lacte,
1431 323 1632 381 pellibus,
1673 326 1760 366 imo

241 380 377 424 forsan
402 381 447 424 ἂν
475 382 630 423 vellere
655 378 842 421 utiliores
869 377 1052 426 futurae,
1087 394 1212 438 quam
1237 381 1279 422 in
1306 380 1409 426 statu
1442 382 1619 424 naturali
1648 398 1760 424 nune

241 437 341 482 sunt.
402 438 534 489 Quod
554 436 726 494 quidem
745 434 828 478 fine
845 433 966 479 factis
990 437 1183 494 pericuiis
1210 437 1438 496 improbari
1463 440 1630 497 nequit,
1658 455 1758 481 con-

242 495 509 553 firmaturque
538 494 740 551 exemplo
766 493 979 542 Tarandi,
1025 510 1152 555 quem
1185 493 1399 539 neceffitas
1430 497 1473 538 in
1502 496 1757 539 domesticos

242 553 329 596 usus
348 554 530 602 cicurare
547 552 711 600 docuit,
738 553 893 610 quique
911 552 1024 594 vices
1042 554 1238 601 armenti,
1267 556 1462 605 jumenti,
1495 554 1754 613 pecudisque

238 610 344 653 solus
360 609 474 652 subit.
535 610 675 652 Immo
692 612 784 668 quis
808 610 1029 667 negaverit
1045 612 1332 664 Antilopamm
1353 612 1558 669 quasdam
1585 610 1754 670 species,

236 668 475 726 praesertim
482 668 702 724 fiythicmn
719 665 805 710 five
833 669 1024 722 Saigam,
1054 666 1264 709 conclusas
1294 683 1382 710 non
1405 667 1519 726 posse
1548 670 1754 728 lanigeras

237 726 408 768 tandem
430 726 633 774 evadere,
666 725 848 768 aliumve
866 724 983 767 usum
1000 737 1162 767 mutato
1180 725 1335 767 vellere
1346 726 1578 782 praestare?
1603 729 1751 771 Nemo

235 785 350 825 enim
379 785 533 841 magis,
569 781 758 840 inspefflzo
788 781 1027 831 Musmone,
1059 798 1084 825 a
1105 784 1232 840 priori
1255 782 1474 826 divinass'et
1496 787 1750 842 progeniem

235 841 341 884 illius
363 842 588 901 aliquando
615 842 734 884 lanae
756 842 986 884 tenerrimo
1010 840 1169 883 vellere
1187 841 1428 898 elegantem
1458 840 1507 883 <Sc
1539 843 1749 898 optimum

233 897 421 941 humano
450 899 596 957 generi
623 899 814 941 vestitum
835 897 1129 956 praebituram.
1196 898 1254 940 Et
1282 899 1375 958 quis
1402 900 1596 956 vcaprinos
1625 900 1748 943 villos

233 955 465 1000 credidisset
489 957 592 999 certi
614 956 791 998 climatis
819 953 974 999 effectu
1003 970 1182 1014 curaque
1205 955 1392 998 hominis
1418 958 1460 998 in
1487 955 1683 999 sericeam
1702 956 1745 999 fi-

231 1015 509 1057 militudinem
534 1016 695 1057 tenuari
720 1011 853 1071 posse,
884 1013 999 1072 quod
1014 1028 1073 1056 ex
1097 1012 1412 1072 Angorenfibus
1430 1014 1582 1070 Syriae
1594 1015 1745 1073 Capris

233 1072 465 1115 didicimus.
483 1098 539 1102 —
596 1073 711 1113 Mihi
736 1074 1022 1127 contemplanti
1045 1071 1239 1127 perfimsz't
1263 1086 1402 1113 rernm
1430 1083 1587 1114 natum
1600 1104 1609 1127 ,
1639 1074 1748 1114 nihil

165 1156 170 1160 ,
232 1130 463 1184 impoffihile
480 1130 707 1183 exstimare
721 1132 767 1170 de
783 1144 841 1171 ea.

344 1187 596 1246 Cuicumque
618 1185 690 1228 ista
716 1183 976 1239 conjectura,
1019 1188 1125 1229 circa
1152 1186 1474 1229 domesticorum
1497 1188 1739 1231 animalium

228 1245 538 1303 antiquitatem,
569 1245 693 1286 nimis
709 1246 849 1286 audax
865 1242 1097 1292 videbitur,
1130 1245 1164 1285 is
1182 1244 1324 1286 credat
1340 1259 1507 1287 mecum
1528 1246 1657 1303 longe
1680 1244 1738 1288 se-

230 1303 279 1343 ris
295 1304 327 1344 ri
346 1300 461 1360 globi
478 1302 602 1344 nostri
619 1314 754 1344 aetate
765 1334 775 1350 ‚
805 1317 881 1359 per
898 1302 1078 1359 populos
1097 1304 1202 1344 circa
1218 1301 1331 1359 alpes
1341 1301 1537 1359 Europae
1554 1302 1598 1345 ἀ
1612 1301 1735 1345 Afiae

229 1360 490 1402 venatoriam
512 1361 643 1401 vitam
677 1371 850 1417 agentes
875 1374 1017 1417 capras
1048 1358 1092 1401 <Sc
1126 1374 1231 1402 oves
1256 1360 1437 1417 primum
1463 1361 1660 1403 cicuratas
1690 1360 1736 1402 &

226 1418 514 1474 multiplicatas
542 1415 668 1459 fuisse.
729 1417 871 1459 Potuit
890 1416 973 1458 hoc
996 1416 1114 1459 simul
1141 1417 1266 1460 variis
1290 1419 1331 1458 in
1355 1416 1601 1475 regionibus
1628 1419 1733 1460 acci-

227 1473 343 1523 disse;
369 1489 545 1533 potuere
570 1477 737 1516 cicurati
762 1473 814 1517 ab
842 1474 1037 1532 Hispanis
1053 1487 1176 1533 atque
1194 1473 1367 1519 Caucasi
1384 1475 1452 1518 vel
1471 1477 1597 1518 Tauri
1614 1490 1733 1518 acco-

225 1532 275 1574 lis
299 1531 543 1575 Musmones
565 1530 816 1575 nobiliorem
841 1547 951 1574 nunc
975 1533 1078 1574 lanis
1108 1532 1273 1589 stirpem
1301 1530 1540 1590 produxiss'e
1565 1532 1731 1577 Ovium

225 1590 589 1648 longicaudarulm
607 1591 745 1648 potuit
764 1590 927 1648 Argahs
945 1591 1122 1632 cicurata
1143 1605 1295 1648 parens
1318 1588 1434 1632 fuisse
1450 1592 1731 1633 maximarum

226 1647 411 1697 Ovium,
443 1663 542 1707 quas
567 1648 834 1706 pinguedinis
860 1648 973 1690 mole
998 1648 1094 1690 loco
1123 1645 1518 1693 caudaeinstructas
1550 1647 1639 1691 fere
1664 1661 1728 1691 to-

224 1706 303 1749 tius
324 1704 444 1748 Asiae
471 1706 684 1747 Nomades
708 1704 838 1747 hodie
855 1704 1024 1763 pascunt

340 1764 429 1806 Sed
449 1762 589 1805 clesmo
605 1767 686 1816 jam
704 1764 745 1804 in
765 1762 829 1805 his
846 1762 970 1805 fusior
992 1761 1072 1805 esse
1093 1762 1136 1805 ἀ
1158 1763 1214 1805 ad
1249 1763 1532 1806 enumeranda
1553 1762 1727 1807 barbara

227 1822 438 1879 Argalidis
476 1823 648 1862 nomina
683 1821 883 1879 procedo.
958 1819 1166 1863 Persicum
1200 1821 1417 1877 Kozsthkm'
1459 1821 1554 1874 (vel
1586 1823 1726 1880 potius

228 1880 473 1935 Konch-kohz'
497 1880 534 1931 Ι)
566 1878 610 1921 <Sc
631 1878 787 1921 Turcis
821 1877 1011 1921 usitatum
1038 1878 1289 1935 Dachkzttfch
1315 1878 1442 1923 ambo
1476 1880 1561 1934 (uti
1586 1879 1725 1925 GME-

1579 1951 1723 1980 LxNus

266 2040 298 2078 I)
323 2039 407 2078 Quod
428 2040 456 2068 iu
477 2048 557 2069 textu
582 2040 713 2070 hebraico
738 2041 933 2070 Deuteronom.
957 2047 1017 2079 cap.
1033 2052 1075 2075 14,
1097 2042 1169 2070 inter
1190 2039 1299 2079 reliqua
1320 2049 1394 2080 pura
1416 2047 1600 2070 enumeratur
1620 2042 1723 2069 animal

306 2082 398 2113 Asta,
420 2079 583 2110 observante
606 2084 783 2112 Gt-:snxzizo
807 2093 856 2121 per
881 2082 1014 2111 lx'oz·kohi
1035 2082 1138 2112 Perfice
1159 2081 1265 2115 versuo,
1294 2082 1456 2122 Pygargum
1477 2083 1662 2120 Septuaginta
1679 2081 1723 2112 In-

306 2131 588 2156 terpretesver1um3
612 2133 683 2161 quae
697 2123 716 2152 fi
729 2125 802 2153 refie
816 2124 943 2163 expressa
958 2124 1027 2158 fint,
1048 2124 1218 2153 Hebraicam
1240 2125 1265 2153 8<
1289 2125 1426 2154 Graecam
1448 2124 1665 2164 appellationem
1689 2124 1721 2152 ad

303 2160 485 2193 Mufiuoucm
501 2163 554 2192 esse
570 2164 728 2195 referendas
741 2176 755 2195 e
771 2165 874 2196 Pei-fica
890 2166 989 2206 liquet,

281 2222 411 2277 S'gn'cil.
425 2221 598 2277 'Zoolog
619 2221 720 2277 anC.
736 2223 780 2263 X
780 2223 807 2263 I.
1110 2220 1152 2265 C
