2032 2732
636 237 802 295 ’ᾡς-ῥῷ
917 238 1158 289 (66)
1271 236 1437 294 ¹⁵³4-ss

281 332 457 388 pilorum
485 331 716 386 longiorum
739 330 870 384 copia,
905 327 1130 383 nigredine,
1167 328 1450 370 teneritudine.
1520 328 1681 369 Harum
1710 329 1805 383 biga

282 389 432 443 jacutii
448 403 469 429 a
485 389 521 429 X
539 387 588 429 ad
606 387 683 428 LX
699 387 919 437 Rublones,
951 385 1142 429 Moscuae
1160 386 1320 427 circiter
1337 385 1461 440 duplo
1479 386 1676 427 aestimari
1701 385 1806 426 solet.

284 446 495 487 Proximae
521 445 581 486 his
599 458 702 499 quae
721 444 770 484 ad
788 444 904 484 Oron
924 442 1052 483 lacum
1072 455 1110 483 et
1128 442 1233 484 circa
1247 440 1379 484 fontes
1397 443 1598 498 Kirengae
1614 442 1808 497 colligun-

287 516 361 544 tur.
421 506 652 557 Sequuntur
670 515 773 556 quae
795 500 844 541 ad
862 499 1076 540 Olecmam
1103 499 1257 550 vivunt,
1287 500 1466 541 minores
1484 499 1582 554 istis,
1621 500 1809 554 proxime

288 559 337 602 ad
355 559 583 614 Kolymam.
616 558 763 599 deinde
787 559 891 598 inter
906 556 993 597 Uth
1016 568 1054 597 et
1069 555 1208 611 Tugir
1229 555 1266 596 fl.
1283 569 1434 611 captae,
1464 571 1650 611 quaeque
1665 557 1810 610 Bargu-

290 617 418 657 {inum
436 616 696 664 conveniunt,
715 615 820 655 circa
838 614 970 654 lacum
988 612 1113 653 Baunt
1128 625 1166 654 et
1184 613 1340 654 Witimi
1358 612 1491 654 fontes
1509 626 1656 668 captae.
1717 612 1812 653 Pau-

292 674 330 715 lo
356 673 574 714 deteriores
600 672 780 726 superior
796 671 965 724 Angera
989 670 1122 718 mittit,
1153 682 1191 710 et
1214 669 1273 710 his
1290 683 1454 724 quoque
1479 668 1635 724 pejores
1652 684 1673 710 a
1686 669 1715 723 J
1720 669 1815 710 udo·

293 744 359 771 ma
386 743 424 771 et
450 729 607 771 Ochota
631 729 667 769 fl.
693 741 798 782 eque
823 725 1101 768 Kaintschatka
1128 727 1297 766 veniunt
1323 727 1384 776 (in
1408 726 1501 767 l-oco
1522 741 1543 767 a
1559 726 1626 767 Vl.
1651 726 1701 767 ad
1721 726 1815 766 XX.

292 787 410 828 Rubl.
436 801 509 842 per
532 786 644 841 bigas
669 786 925 826 aestimataet.
983 782 1059 822 His
1079 781 1297 822 succedunt
1315 782 1363 822 ad
1381 781 1662 835 Tunguskam
1679 795 1817 837 captae

296 857 335 885 et
357 844 555 885 Kanenses
578 857 628 883 ex
653 841 806 895 alpibus
830 837 1104 891 Sanianenlibus
1128 837 1338 878 Kanskum
1372 838 1612 892 oppidulum
1641 839 1817 889 collatae,

296 900 366 942 ubi
384 900 582 955 quaedam
606 897 838 945 nobiliores,
867 894 932 936 sed
957 895 1082 935 rarius
1109 894 1310 935 observari
1333 894 1470 935 solent.
1528 895 1708 936 Ultimos
1732 908 1820 948 gra·

298 957 371 999 dus
397 968 535 998 tenent
558 955 749 1002 Alta'i'cae,
795 951 1076 1001 Kusnezensts,
1122 951 1215 991 dein
1239 950 1558 1005 Krasnojarenses
1581 965 1619 993 et
1643 953 1820 1006 denique

294 1013 477 1055 Obenses
501 1025 620 1067 atque
636 1007 1010 1060 Verchoturienies,
1037 1007 1280 1064 plerumque
1307 1009 1467 1050 circiter
1483 1008 1672 1052 Rublone
1696 1008 1820 1064 (plus,

297 1072 451 1123 minus)
476 1070 714 1111 aestimatae.

417 1184 561 1239 Quum
584 1183 625 1224 in
652 1181 785 1223 media
801 1181 946 1222 Sibiria
970 1181 1076 1221 circa
1093 1178 1310 1234 Jenifeam,
1341 1192 1514 1235 propter
1532 1181 1646 1222 situm
1665 1181 1752 1224 loci.
1785 1193 1824 1222 et

303 1240 541 1284 confluxum
556 1240 785 1295 alpestrium
805 1251 843 1280 et
860 1237 1123 1292 1}'lvestri¹.1m,
1151 1237 1328 1277 maxime
1348 1239 1453 1277 varia
1472 1237 1513 1277 {it
1532 1238 1826 1279 Zibellinarum

304 1299 536 1354 progenies,
564 1298 771 1339 varietates
788 1297 828 1336 in
848 1294 1000 1349 oppido
1018 1292 1305 1346 Krasnojarenli
1327 1307 1378 1333 ex
1395 1307 1545 1348 magno
1570 1294 1736 1348 pellium
1756 1307 1826 1335 nu·-

305 1369 422 1397 mero
448 1355 651 1397 adnotatas
679 1353 742 1394 hic
769 1352 999 1407 praesertim
1027 1351 1232 1391 enarrabo.
1306 1349 1531 1392 pulcriores
1556 1350 1611 1392 ibi
1634 1363 1718 1392 toto
1743 1364 1828 1392 cor-

308 1426 408 1467 pore
433 1408 703 1453 subuniformi
727 1408 987 1457 suntcolore,
1018 1407 1219 1461 pulcriore
1243 1419 1378 1448 tamen
1398 1420 1435 1447 et
1454 1408 1633 1462 nigriore
1652 1421 1725 1463 per
1740 1407 1828 1448 dor·-

308 1469 409 1519 sum,
440 1472 617 1510 maxime
637 1466 770 1507 versus
788 1465 1016 1520 posteriora,
1047 1464 1140 1518 pilo.
1202 1463 1326 1504 Color
1348 1465 1390 1505 in
1415 1463 1474 1504 bis
1498 1463 1637 1505 velleri
1662 1465 1830 1506 interius

310 1525 702 1581 gryseo-castaneus,
732 1523 863 1577 longis
880 1521 967 1576 pilis
986 1520 1154 1575 copiosis
1172 1522 1264 1561 atris
1280 1521 1546 1572 inumbratos,
1577 1521 1643 1562 sed
1666 1522 1831 1563 intimae

309 1582 491 1638 lanugini
513 1583 704 1623 cinereus.
767 1578 874 1620 Gula
897 1578 1123 1629 obsoletior,
1167 1577 1287 1618 latera
1315 1577 1406 1618 colli
1431 1579 1559 1633 magis
1582 1575 1832 1619 fulvescenti-

311 1639 511 1691 castanea,
556 1651 677 1692 caput
702 1637 816 1690 supra
842 1650 863 1677 e
885 1632 1009 1685 fusco,
1040 1634 1227 1675 lateribus
1251 1635 1626 1689 gryfeo-canel'cit3
1658 1635 1834 1676 rostrum

311 1697 431 1749 nigro
455 1708 638 1750 canoque
664 1695 862 1746 mixtum3
906 1690 1105 1732 auriculae
1136 1690 1535 1745 gryseo-exalbidae⁷
1567 1691 1632 1732 vel
1657 1691 1833 1733 obsolete

311 1749 455 1801 fuscae,
486 1752 670 1805 margine
687 1749 854 1804 pallidae
927 1747 1112 1788 Cariores
1131 1761 1213 1802 quo
1237 1748 1326 1802 plus
1350 1747 1528 1802 pilorum
1553 1750 1765 1804 nigrorum
1796 1759 1835 1789 et

312 1809 511 1863 lanuginis
531 1808 644 1849 color
659 1807 875 1848 obscurior.
936 1803 1245 1845 Deteriorantur
1266 1817 1399 1845 autem
1426 1805 1603 1858 optimae
1622 1805 1735 1858 saepe
1754 1803 1834 1858 pel-

312 1865 368 1907 les
393 1865 587 1906 immixtis
610 1864 746 1919 passim
774 1862 862 1917 pili-s
885 1860 1135 1915 longioribus
1159 1860 1256 1901 albis
1283 1861 1347 1902 vel
1372 1862 1495 1909 canis,
1532 1861 1604 1915 qui.
1627 1861 1667 1901 in
1694 1859 1836 1915 pejori-

314 1921 388 1963 bus
415 1919 500 1962 fere
525 1922 681 1975 semper
705 1920 834 1974 magis
865 1919 1053 1959 minusve
1079 1917 1228 1971 copiosi
1259 1917 1411 1968 adsunt,
1457 1917 1700 1971 quibusdam
1724 1924 1736 1966 ζ
1743 1917 1838 1972 quia

314 1978 538 2033 genuinum
571 1991 646 2018 nec
680 1976 901 2030 mangonio
931 1971 1128 2014 fuscatum
1160 1972 1271 2027 pellis
1312 1973 1455 2014 statum
1498 1973 1688 2028 probant)
1731 1973 1838 2014 aesti-

315 2046 491 2133 piantur,
525 2048 546 2076 a
568 2032 860 2076 mercatoribus
884 2043 1019 2072 autem
1043 2029 1287 2085 plerumque
1315 2027 1522 2085 forcipulis
1547 2030 1704 2073 curiose
1734 2028 1839 2071 evel-

328 2104 466 2133 untur,

1691 2199 1837 2256 Copio-
