2032 2732
686 243 845 302 &nc-{2
963 245 1172 297 (30)
1288 244 1448 300 Ἑὲηᾱὲ

308 361 412 407 pore
434 343 622 390 induunt.
647 342 955 386 lucrementum
983 338 1160 383 femellis
1190 339 1354 389 lentius,
1375 338 1560 384 Masculis
1584 340 1828 388 citiffimum.

308 407 391 450 His
411 407 545 462 primo
561 407 644 456 jam
663 401 789 458 meust
803 413 987 443 verrucae
1003 413 1166 442 corneae
1187 401 1314 457 nigrae
1329 431 1338 447 ‚
1371 400 1527 442 conicae
1544 400 1585 441 in
1600 399 1740 444 fronte
1760 403 1831 445 ad-

306 465 417 513 sunt,
448 477 539 522 quae
558 462 641 504 cito
662 471 886 517 augentur,
918 458 963 500 dc
990 459 1096 500 intra
1122 469 1206 500 tres
1231 469 1464 518 quatuorve
1486 457 1646 500 menses
1673 460 1831 519 aliquot

307 521 519 566 obsoletos
549 518 724 562 annulos
749 517 975 575 acquirunt.
1063 516 1225 573 Quarto
1256 514 1395 557 mense
1432 531 1584 558 cornua
1607 520 1689 568 Jam
1714 518 1831 559 climi-

308 582 425 625 dium
450 579 687 623 adultorum
712 577 753 617 in
770 574 978 617 nonnullis
1002 586 1186 633 aequant,
1223 589 1361 632 eoque
1386 586 1577 631 tempore
1604 574 1751 617 erebro
1773 574 1832 618 fe-

310 639 444 683 mellis
460 636 695 682 insultantes
711 633 817 682 vidi,
850 647 987 691 neque
1005 632 1151 675 dubito
1171 632 1300 675 altero
1317 635 1399 683 jam
1417 646 1527 673 anno
1554 631 1605 673 acl
1632 647 1833 690 generan-

310 699 412 742 dum
427 695 587 741 habiles
604 692 712 741 fieri,
742 691 977 733 dummodo
995 705 1018 732 a
1036 688 1261 733 senioribus
1288 688 1470 731 maribus
1489 705 1576 731 non
1601 703 1834 739 arceantuss

310 770 490 815 quorum
506 751 719 809 zelotypia
735 750 775 791 in
794 763 951 807 genere
969 750 1128 792 Natura
1143 760 1432 804 praematuram
1446 748 1653 799 juniorum
1681 750 1834 791 anima-

309 816 431 862 lium,
459 810 682 872 praesertim
698 822 864 854 eorum,
896 820 987 865 quae
1006 806 1046 846 in
1076 806 1365 862 polygamiam
1393 803 1618 848 robustiora
1642 806 1835 856 destinat,

311 872 528 916 libidinem
544 874 737 910 coercere
759 864 869 906 solet.
928 861 1017 905 Sub
1033 860 1161 905 finem
1181 864 1419 919 Septembris
1434 861 1590 904 occisos
1617 877 1641 904 a
1661 877 1836 907 venato·
1895 879 1898 882 ’

312 929 425 974 ribus
445 926 694 970 hornotinos
714 936 849 965 mares
866 919 970 978 saepe
988 935 1073 963 non
1088 920 1265 962 multum
1284 934 1307 962 a
1329 919 1442 962 mol-e
1463 932 1644 961 matrum
1667 920 1834 966 abfuisse

314 985 550 1031 observavi3
582 982 626 1025 ἀ
646 980 715 1025 sub
734 980 939 1038 hyemem
959 993 1109 1022 omnes
1127 978 1283 1021 vellere
1299 978 1403 1025 alt0‚
1430 977 1612 1036 capreoli
1624 979 1716 1035 pilis
1733 981 1837 1022 mol-

313 1046 417 1089 liore
434 1043 476 1085 ἃ
500 1042 633 1099 magis
650 1039 782 1089 hirto,
816 1052 975 1137 ΡΕΥἯΙε
991 1049 1128 1079 totum
1144 1052 1293 1095 corpus
1311 1051 1336 1079 e
1353 1034 1505 1095 gryseo
1524 1035 1658 1096 magis
1683 1038 1837 1082 minus.

315 1119 370 1148 ve
390 1099 610 1147 exalbidm
640 1094 880 1156 parentibus
935 1108 1007 1137 unt
1022 1093 1224 1137 fimiilimi.

433 1158 656 1212 Domestica
694 1156 926 1198 educatiove
955 1167 978 1195 a
999 1154 1152 1195 teneris
1183 1152 1376 1195 facillime
1409 1153 1639 1195 cicurantur
1665 1169 1837 1204 omnes,

315 1220 533 1264 vaccinum
561 1216 621 1257 lac
650 1209 875 1256 avidissime
899 1210 1110 1258 hauriunt,
1146 1209 1412 1268 hominique,
1443 1213 1512 1268 qui
1534 1211 1626 1253 illos
1650 1211 1759 1255 alere
1778 1211 1837 1255 so.

314 1279 372 1322 let
385 1309 395 1326 ‚
425 1277 481 1318 ita
497 1273 717 1316 familiares
736 1268 860 1318 fiunt,
890 1280 935 1311 ut
957 1268 1010 1310 ad
1027 1280 1172 1310 notam
1188 1283 1341 1312 vocem
1360 1266 1429 1310 ubi
1461 1283 1512 1310 ue
1532 1283 1679 1310 canum
1699 1269 1840 1319 instar,

314 1338 441 1380 etiam
461 1347 536 1391 per
554 1329 708 1373 flumen
728 1338 936 1376 natantes,
963 1325 1190 1384 sequantur.
1252 1326 1413 1368 Contra
1430 1282 1460 1367 Ξ
1477 1326 1600 1383 paulo
1615 1326 1839 1370 adultiores

319 1394 553 1451 capiantur,
578 1381 759 1430 feriffimi
774 1383 935 1442 semper
951 1396 1133 1426 manent.
1195 1385 1230 1425 A
1247 1384 1382 1441 prima
1400 1395 1521 1425 aetate
1546 1383 1743 1427 educatos
1766 1386 1838 1444 qui

316 1447 542 1511 possident,
578 1444 732 1489 liberos
760 1457 833 1501 per
856 1457 1013 1500 pagum
1039 1442 1126 1483 imo
1148 1442 1189 1482 in
1211 1456 1385 1498 campos
1416 1442 1585 1498 evagari
1612 1443 1839 1499 patiuntur,

317 1508 390 1552 ubi
409 1519 620 1564 nunquam
636 1501 731 1545 vil'ae
751 1501 839 1544 sunt
862 1500 957 1542 feris
984 1498 1023 1542 se
1046 1496 1290 1552 adjunxisse,
1322 1498 1390 1541 sed
1416 1497 1587 1543 obviam
1612 1497 1742 1543 fatias
1765 1516 1840 1559 po-

319 1569 401 1611 tius
416 1560 642 1622 fugiunt&
659 1561 835 1602 domum
851 1557 1040 1601 lubenter
1057 1555 1126 1600 sub
1151 1555 1365 1616 vesperam
1389 1556 1584 1605 redeunt;
1615 1572 1753 1618 neque
1777 1573 1839 1602 ca-

319 1640 394 1669 nes
410 1622 686 1665 hominemve
703 1620 872 1665 timent,
902 1617 962 1658 uti
977 1630 1114 1674 neque
1138 1630 1161 1657 a
1182 1614 1352 1658 canibus
1377 1615 1511 1672 magis
1535 1630 1660 1674 quam
1684 1616 1841 1675 reliqua

321 1680 546 1727 domestica
572 1691 746 1736 pecora,
777 1677 864 1717 imo
894 1675 1020 1717 etiam
1045 1675 1182 1715 minus
1208 1673 1358 1716 latratu*
1376 1671 1654 1715 molestantur.
1717 1673 1841 1718 Laeti

321 1740 458 1784 adhuc
479 1736 580 1780 sueti
606 1736 658 1778 ad
682 1733 841 1776 solitam
866 1747 1020 1775 vocem
1049 1743 1288 1780 accurrunt,
1329 1745 1424 1773 cum
1451 1730 1627 1773 vitulino
1654 1732 1841 1789 mugitu,

321 1799 562 1844 motitantes
580 1793 753 1836 caudam
772 1789 894 1833 instar
908 1790 1025 1847 agni,
1057 1788 1103 1832 (ἵε
1120 1803 1291 1831 manum
1305 1789 1515 1836 vocantis,
1542 1789 1628 1829 imo
1646 1788 1841 1839 vestium,

321 1856 510 1900 maxime
544 1854 763 1895 linteatum
794 1849 958 1891 lacinias
989 1862 1062 1889 ore
1095 1845 1400 1900 vellicantes&
1423 1844 1571 1893 rostro,
1600 1845 1716 1888 velut
1739 1846 1843 1891 uber

322 1914 489 1960 matris,
525 1909 740 1968 pulsantes.
807 1906 847 1948 A
873 1906 1026 1947 teneris
1050 1916 1190 1946 tamen
1218 1901 1368 1945 herbas
1393 1917 1562 1959 carpere
1585 1901 1842 1954 adsuescunt,

324 1971 500 2016 eodem,
521 1982 648 2026 quem
666 1965 782 2021 supra
800 1962 1001 2008 indicavi,
1035 1959 1199 2003 felethi.
1259 1960 1294 2002 F
1298 1975 1409 2002 oeno
1425 1959 1633 2017 praebito,
1649 1962 1844 2006 immixta

325 2041 486 2074 tantum
518 2024 616 2067 folia
643 2021 866 2065 herbarum
897 2018 1090 2076 l'eligunt3
1120 2018 1307 2076 gramina
1335 2033 1438 2061 vero
1470 2033 1608 2077 neque
1640 2022 1842 2070 recentia,

324 2102 403 2131 nee
425 2084 526 2128 sicca
557 2094 716 2128 amant,
751 2079 809 2120 uti
840 2077 882 2119 da
911 2075 1048 2118 salices
1078 2076 1338 2134 virgultaque
1370 2075 1443 2117 reli
1476 2091 1526 2117 ua
1555 2076 1678 2133 plane
1709 2077 1843 2136 respu-

325 2158 481 2189 unt.—-
555 2139 692 2183 Saturi
723 2134 1005 2195 procumbunt
1032 2134 1287 2176 ruminantes
1299 2150 1310 2182 3
1348 2090 1549 2177 exmilvias
1573 2135 1745 2192 agendi,
1783 2135 1841 2178 vi-

323 2215 477 2264 cesque
503 2196 691 2242 mutandi
713 2208 879 2238 morem
909 2191 1026 2251 supra
1053 2191 1194 2250 adtigi.
1271 2193 1498 2251 Nunquam
1522 2207 1626 2238 vero
1649 2208 1844 2251 procum-

1719 2249 1843 2301 bunt,
