2032 2732
574 251 739 309 ¹⁵³1·ss
851 252 1087 308 (15)
1200 251 1365 309 'Qss

207 344 560 399 indignabundum
588 342 706 398 quasi
721 341 896 383 rostrum
920 342 1054 397 palma
1076 354 1225 398 tegere,
1264 356 1449 385 totumve
1472 353 1593 398 caput
1622 343 1729 385 inter

207 393 361 459 priores
385 401 508 456 pedes
531 400 707 441 condere
729 398 888 439 animal.
947 400 1141 441 Attamen
1167 402 1414 441 contrarium
1437 398 1607 441 affirmat
1624 401 1729 441 veri-

207 460 320 501 dicus
338 458 427 499 alias
445 457 798 505 MARTENSIUS,
829 457 1068 510 magnisque
1086 458 1126 496 in
1146 470 1265 511 caput
1285 455 1429 498 iffibus
1446 469 1531 498 non
1545 456 1729 509 interfici,

207 528 346 558 contra
363 515 571 567 vulgarem
589 512 838 565 opinionem,
871 525 1033 567 autopta
1049 510 1243 555 defendit.

321 571 474 612 Eadem
493 568 630 621 junior
647 567 747 608 Ursa
772 568 1110 621 impatientizlima
1134 582 1217 610 erat
1240 571 1280 611 in
1297 570 1459 612 auribus
1475 581 1514 610 et
1529 569 1634 610 circa
1650 569 1729 611 clu-

207 642 278 671 nes
304 628 424 681 tangi.
483 625 649 679 Pigrum
678 623 922 677 tardumque
946 624 1091 664 animal
1110 624 1334 675 videbatur,
1362 627 1432 668 nisi
1448 640 1576 681 quum
1593 626 1728 668 irasce-

206 698 329 733 retur,
355 696 441 723 tum
467 681 577 722 enim
603 679 730 721 subito
760 679 899 720 assultu
922 680 1252 734 promptiffimos,
1283 682 1374 723 licet
1398 683 1625 723 inconditos
1643 696 1729 724 mo-

206 754 268 783 tus
284 739 437 787 edebat,
468 736 650 778 erefitum
669 738 709 777 in
727 736 887 791 postica,
919 736 1062 790 palmis
1077 733 1236 788 feriens,
1266 738 1535 792 dentibusque
1552 739 1729 781 lacerans

204 794 355 838 infesta.
423 793 702 835 Minabundus
732 792 906 833 hiscente
941 806 1012 834 ore
1043 806 1082 833 et
1108 794 1234 834 torvis
1259 794 1384 835 oculis
1409 795 1583 836 sibilabat
1608 795 1729 849 quali.

203 853 328 894 Iratus
355 864 394 892 et
420 863 618 905 pugnans,
646 848 710 889 vel
732 862 859 903 quum
887 861 909 889 e
925 861 1064 890 catena
1087 850 1236 891 invitus
1262 850 1499 902 traheretur,
1546 853 1730 906 rugitum

176 917 182 938 -“
205 909 348 951 edebat
372 908 601 962 graviorem
629 919 667 947 et
691 906 894 953 sonorum,
939 919 1015 946 nee
1039 918 1221 959 unquam
1244 921 1393 948 vocem
1419 907 1648 960 ejulantem,
1683 919 1730 949 ut

204 965 331 1007 Ursus
347 964 535 1015 vulgaris.
597 961 766 1003 lncessus
791 962 962 1015 urlinus3
992 964 1225 1016 properanti
1251 963 1385 1017 inepte
1411 964 1663 1005 saltabundus
1690 976 1730 1006 et

204 1022 363 1062 alternis
379 1009 552 1073 vestigiis
571 1018 678 1074 quasi
698 1017 933 1059 claudicans.
994 1017 1100 1059 Raro
1124 1031 1297 1073 quatuor
1321 1019 1442 1062 stabat
1467 1020 1638 1076 pedibus
1662 1020 1731 1062 vel

203 1079 346 1132 sponte
370 1075 611 1122 ambulabat,
642 1075 765 1128 idque
789 1073 955 1115 demisso
982 1086 1020 1115 et
1037 1073 1147 1115 velut
1170 1077 1282 1130 gravi
1300 1078 1448 1132 capite3
1485 1077 1729 1132 plerumque

191 1135 245 1175 in
269 1132 453 1174 clunibus
481 1131 633 1181 sedens,
664 1130 844 1185 pendulo
872 1132 1014 1185 capite,
1045 1143 1088 1171 ut
1112 1133 1266 1185 optime
1290 1132 1572 1175 ΡΕΝΝΑΝΤῙ
1597 1133 1728 1189 figura

203 1189 430 1243 expressum
452 1188 506 1228 est
525 1185 698 1241 (Synogf
716 1186 857 1241 quadr.
881 1185 976 1227 Tab.
997 1188 1101 1238 πα),
1129 1188 1192 1228 vel
1220 1190 1259 1229 in
1283 1189 1371 1231 alvo
1390 1191 1547 1231 extensa
1564 1191 1727 1232 cubans.

200 1245 328 1287 Pisces
356 1243 541 1284 carnibus
569 1256 607 1283 et
633 1242 822 1297 glaciatos
846 1242 1075 1284 recentibus
1104 1243 1369 1299 praeferebat,
1406 1247 1658 1302 pedibusque
1685 1249 1727 1289 in

201 1314 305 1343 terra
330 1300 492 1340 firmans
516 1299 655 1339 cibum
683 1298 894 1340 lacerabat.
964 1299 1088 1341 Nulla
1120 1313 1254 1342 tamen
1281 1303 1491 1357 respuebat
1515 1304 1727 1358 cadavera3

202 1356 553 1412 quemadmodum
578 1369 616 1396 et
637 1355 778 1410 Belgae
802 1355 1063 1397 observarunt
1085 1357 1309 1400 occisorum
1335 1360 1426 1401 suae
1451 1360 1595 1415 speciei
1614 1361 1725 1402 cada-

201 1427 296 1455 vera
316 1413 565 1454 devorantes.
625 1411 704 1452 Sed
724 1412 965 1453 comedebat
981 1426 1101 1466 parce
1120 1428 1158 1454 et
1174 1415 1252 1456 fine
1272 1416 1471 1468 aviditate,
1499 1417 1650 1468 cibum,
1681 1429 1727 1459 ut

201 1468 471 1511 nauseabundi
495 1468 558 1509 vel
582 1468 698 1509 saturi
722 1480 851 1519 canes,
878 1467 947 1509 diu
971 1468 1164 1511 lambens.
1224 1471 1299 1513 Pro
1323 1486 1422 1527 potu
1447 1474 1585 1514 nivem
1608 1473 1726 1515 avide

202 1538 242 1567 et
258 1525 416 1580 copiose
435 1523 663 1577 hauriebat3
696 1538 841 1578 aquam
858 1524 1074 1567 lambendo
1094 1525 1246 1568 bibens.
1307 1529 1538 1571 Devorabat
1555 1528 1724 1572 foenum

150 1599 151 1602 ¹
203 1595 242 1624 et
269 1581 496 1636 quisquilias
523 1580 661 1630 varias,
693 1594 796 1635 quae
828 1581 922 1621 dein
949 1583 990 1622 in
1018 1583 1243 1625 ventriculo
1269 1584 1432 1636 diffeffi,
1462 1600 1546 1627 non
1564 1587 1725 1641 copiose

201 1651 352 1689 tamen,
397 1651 436 1678 et
460 1637 685 1678 nullatenus
712 1637 907 1678 concoaa
932 1638 1079 1678 inveni.
1151 1639 1368 1683 Dormiens
1393 1643 1636 1698 plerumque
1663 1657 1726 1684 ro-

201 1696 326 1736 strum
352 1693 486 1749 palma
501 1694 641 1735 dextra
660 1693 835 1749 tegebat3
865 1693 1086 1749 laetiorque
1103 1695 1316 1739 videbatur
1334 1700 1513 1741 maximo
1530 1713 1726 1755 regnante

201 1749 368 1807 frigore.
805 1754 808 1758 “

312 1807 598 1860 Praeterquam
632 1805 743 1861 quod
775 1805 897 1861 pelles
921 1805 1121 1850 Ursorum
1155 1809 1407 1852 marinorum
1438 1811 1544 1854 inter
1567 1825 1725 1855 merces

200 1863 413 1912 habentur,
437 1862 653 1904 nobiliores
671 1864 862 1904 terrestris
880 1866 1048 1914 exuviis,
1077 1865 1285 1922 tribusque
1303 1880 1342 1909 et
1367 1868 1417 1909 ad
1443 1871 1625 1924 quinque
1643 1869 1725 1911 Ru-

200 1919 341 1960 blones
360 1919 671 1970 aestimatae,vel
688 1920 729 1960 in
748 1921 1082 1963 orientaliSibiria
1097 1923 1482 1978 vulgariZibellinae
1496 1939 1561 1967 aut
1578 1924 1723 1980 viginti

198 1974 378 2029 Lagopis
403 1976 703 2029 aequiparatae3
739 1975 907 2018 celebris
934 1978 1054 2019 etiam
1082 1979 1186 2021 inter
1210 1993 1420 2023 venatores
1441 1981 1607 2023 Sibiriae
1631 1983 1723 2024 usus

199 2033 401 2074 variarum
427 2032 601 2085 partium
627 2032 861 2074 medicatus.
917 2031 1128 2089 Pinguedo
1156 2034 1296 2088 cleosa,
1333 2038 1496 2093 liquida,
1522 2037 1721 2081 foetidiffi·

200 2102 268 2130 me
301 2086 528 2142 pisculenta,
565 2089 735 2129 nervino
766 2089 837 2130 usu·
861 2092 1025 2146 egregia
1050 2091 1127 2133 ess'e
1150 2092 1308 2135 dicitur.
1376 2096 1722 2138 MARTENsms

200 2158 285 2187 non
304 2156 472 2186 omnem
497 2143 674 2199 adipem,
702 2145 769 2188 sed
793 2147 1077 2190 tantummodo
1103 2163 1127 2190 e
1150 2150 1322 2205 pedibus
1338 2153 1567 2204 exeo-etum,
1595 2152 1723 2194 medi-

1583 2221 1722 2252 catum
