2032 2732
525 239 704 296 Qu&
824 240 1035 293 (65)
1148 238 1328 297 Qu&

173 335 320 396 pascua
341 347 516 380 movent
539 333 700 377 domini
716 336 784 384 ω),
821 331 892 374 ubi
914 332 1078 375 acribus
1109 336 1291 391 primum
1308 336 1459 395 plantis
1478 349 1676 397 purgatur

175 395 221 437 ἁ
238 409 420 443 curatur,
451 393 547 435 dein
572 389 715 434 senfim
739 391 780 432 in
811 389 1065 433 borealiores
1093 391 1239 437 deserti
1264 396 1460 453 regiones
1490 399 1679 455 compul-

175 451 286 501 sum,
318 466 444 509 pecus
468 450 617 492 diutius
641 450 804 491 virente
833 448 1010 505 caespite
1036 451 1210 507 gaudet,
1248 454 1469 511 minusque
1499 452 1592 503 solis
1617 470 1677 498 ar-

177 510 280 552 dore
295 509 494 567 premitur
513 506 668 548 vellere
683 505 727 548 ὄε
751 506 1029 564 pinguedine,
1061 522 1135 564 per
1161 507 1365 565 hyemem
1388 527 1473 553 non
1499 513 1677 556 multum

174 567 411 609 imminuta,
439 576 668 622 gravatum.
730 564 849 606 Tum
867 564 907 605 in
922 563 1097 621 pascuis,
1114 580 1221 622 quae
1239 568 1416 610 interdiu
1433 568 1577 612 salinus
1589 571 1675 627 pul-

174 638 239 666 vis
255 639 279 666 a
294 623 430 666 ventis
449 622 646 679 agitatus,
678 620 808 665 noetu
830 636 945 664 rores
964 620 1083 680 saepe
1104 621 1185 663 falfi
1202 625 1425 674 condiunt,
1465 626 1676 686 inligniter

175 693 349 739 augetur
362 681 638 737 corpulentia,
666 694 773 737 quae
793 694 867 736 per
885 690 1017 721 totam
1033 679 1228 722 aestatem
1248 680 1424 725 collecta
1443 685 1483 724 in
1501 685 1675 729 immen-

177 738 263 782 sum
290 737 432 780 crescit
455 737 760 780 autumnalibus
786 736 952 779 Salsolis
977 750 1017 779 at
1049 751 1102 780 ue
1121 737 1348 780 Artemifiis
1370 742 1676 787 accedentibus.

175 796 339 839 Interea
367 793 525 851 saepius
556 795 650 837 viae
684 795 908 851 plurimum
940 810 1020 837 con
1054 796 1166 836 ciunt
1198 811 1376 854 greges,
1406 799 1506 839 dum
1539 800 1676 849 castra,

174 865 346 911 propter
372 852 570 910 pabulum
601 853 786 910 pecoris,
821 864 985 894 mutant
1007 853 1192 901 domini,
1222 854 1434 915 longaque
1458 855 1572 913 sape
1591 856 1675 901 line

174 923 279 969 potu
305 911 559 952 emetiuntur
581 908 724 966 spatia,
759 910 914 951 deinde
938 924 1068 969 quum
1091 910 1144 952 ad
1169 910 1357 953 lacunam
1380 928 1676 969 pervenerunt,

173 969 243 1011 vel
262 967 559 1025 Hydreumata
575 979 861 1024 expurgarunt
875 966 1076 1024 pastores,
1103 968 1219 1025 aquis
1246 967 1491 1026 saepiuscule
1516 970 1676 1030 l'allugi-

173 1023 283 1068 nolis
302 1021 528 1067 avidiffime
547 1025 870 1082 ingurgitantur;
902 1024 947 1065 ἁ
963 1039 1072 1084 quae
1083 1022 1346 1085 suntreliqua.
1406 1029 1561 1070 lisdem
1574 1044 1674 1087 gau-

174 1082 276 1125 dent
298 1082 613 1128 emolumentis,
637 1082 793 1129 dicam,
821 1081 894 1124 vel
918 1082 1178 1124 detrimentis
1211 1085 1328 1141 agni,
1403 1100 1478 1128 uos
1506 1086 1549 1128 ut
1574 1103 1676 1131 vere

172 1140 316 1181 adulto
340 1143 516 1195 g'gnant
539 1153 644 1180 oves
674 1138 821 1180 statuto
846 1150 1038 1195 tempore
1065 1137 1243 1181 admiffis
1271 1100 1467 1184 arietibus
1499 1144 1675 1188 delectis

174 1207 324 1238 cavent
335 1195 574 1243 Nomades,
603 1195 703 1237 dum
715 1193 794 1236 hos
810 1194 908 1237 alias
924 1197 965 1237 in
981 1210 1113 1254 grege
1128 1198 1298 1256 quidem
1315 1197 1482 1248 liberos,
1509 1200 1576 1242 sed
1588 1202 1675 1245 suh-

173 1253 308 1310 ligatis
322 1253 571 1295 centonibus
587 1252 782 1309 genitalia
799 1252 938 1295 tectos
955 1266 1085 1311 agunt
1104 1260 1147 1305 Χ).
1208 1256 1351 1313 ltaque
1363 1259 1447 1308 jam
1463 1272 1488 1299 a
1508 1260 1674 1309 teneris,

173 1323 338 1369 praeter
363 1311 631 1367 congenitam
656 1310 841 1366 corporis
867 1310 1102 1358 laxitatem,
1137 1314 1324 1354 externis
1349 1328 1517 1373 quoque
1535 1315 1675 1367 causis,

176 1368 221 1410 ὄε
252 1366 368 1410 lactis
398 1369 590 1418 materni,
623 1368 738 1425 quod
767 1382 980 1427 nunquam
1012 1369 1266 1427 emulgetur,
1312 1369 1586 1421 abundantia,
1622 1376 1676 1418 acl

174 1427 376 1483 pinguem
394 1423 583 1466 habitum
599 1425 878 1483 dilponuntur.
939 1426 1049 1467 Hinc
1078 1441 1181 1468 oves
1208 1426 1401 1470 omnibus
1420 1428 1529 1471 hisce
1556 1432 1595 1472 in
1615 1447 1677 1475 re-

174 1482 371 1540 gionibus
400 1481 615 1524 nascuntur
640 1495 798 1529 tantae,
829 1494 874 1524 ut
900 1498 987 1524 non
1012 1498 1105 1525 raro
1142 1487 1308 1541 pondus
1340 1487 1611 1530 ducentarum
1631 1491 1676 1533 li-

175 1540 341 1583 brarum
358 1552 557 1597 aequent,
588 1539 669 1581 sola
688 1540 869 1581 clunium
887 1541 1144 1598 pinguedine
1166 1542 1219 1584 ad
1247 1543 1443 1600 tringinta
1468 1546 1555 1586 imo
1580 1547 1672 1589 XL.

177 1596 299 1640 libras
315 1598 538 1654 pendente.
598 1597 826 1640 Pulvinaris
841 1598 884 1638 in
900 1596 967 1639 his
985 1610 1099 1640 tanta
1115 1600 1271 1647 moles,
1292 1614 1336 1641 ut
1366 1601 1487 1643 etiam
1507 1604 1675 1648 animali

1532 1674 1673 1718 quam-

216 1726 257 1764 w)
276 1724 394 1755 Pulchre
405 1725 576 1756 Nomadum
594 1725 700 1765 Lybiae
715 1725 892 1765 pastor-iciam
906 1725 993 1756 vitam
1007 1725 1150 1766 descriplit
1171 1728 1273 1758 Viuo
1284 1738 1319 1757 ιι
1330 1739 1339 1757 1
1350 1738 1406 1765 us.
1427 1730 1560 1760 'ratariae
1580 1741 1675 1772 popu-

259 1767 293 1796 lis
309 1766 476 1796 fimillimam
488 1789 494 1800 .
516 1768 565 1797 ubi
582 1768 674 1797 canit:
903 1799 910 1802 ,

373 1825 415 1831 —
438 1810 538 1844 Diem,
556 1811 710 1848 audiamque
729 1806 767 1844 dy·
786 1815 875 1837 totum
898 1818 933 1838 ex
952 1810 1048 1838 ordine
1062 1811 1178 1849 incusem,

377 1849 524 1890 Pascitur,
546 1852 619 1890 itque
631 1860 713 1889 pecus
727 1850 808 1888 longa
826 1851 855 1877 in
871 1850 979 1889 (infirm
989 1873 996 1883 ,
1014 1851 1073 1891 fine
1087 1853 1151 1880 ultis

375 1891 527 1931 Hospitiis:
551 1899 662 1921 tantum
678 1893 768 1929 campi
776 1891 865 1928 jacet.
909 1892 1010 1920 Omnia
1020 1893 1114 1931 ficum

376 1934 567 1962 Armentarius
585 1934 655 1973 Afer
667 1934 744 1971 agit„
765 1933 915 1971 tet‘lumque
931 1935 1070 1973 laremque

375 1976 530 2014 Armaque,
546 1976 771 2014 Amyclaeumque
785 1984 891 2008 canem,
913 1973 1084 2015 Crfftmqroe
1093 1975 1264 2014 pharetram.

1065 2019 1230 2056 Georgicon
1249 2019 1309 2048 Lib.
1325 2021 1371 2049 111.
1385 2030 1412 2050 v.
1430 2027 1501 2059 340.
1520 2020 1576 2061 seq.

221 2061 255 2095 x)
278 2058 310 2086 ln
325 2056 403 2089 mille
420 2065 485 2085 oves
496 2058 556 2085 XL.
572 2057 606 2087 ad
621 2059 649 2087 L.
662 2058 763 2088 arietes
780 2060 925 2089 numerari
940 2058 1037 2089 solent.
1081 2061 1207 2089 Manum
1223 2061 1392 2092 foecunditas
1407 2063 1673 2094 inuniverlizmtfln-

264 2108 307 2129 ta.
330 2107 361 2127 nt
386 2099 554 2137 plerumque
570 2100 700 2136 geminos
715 2110 804 2138 agnos
819 2101 937 2134 pariant.
983 2104 1041 2129 lmo
1057 2101 1150 2137 primo
1166 2108 1244 2132 coitu
1261 2102 1437 2142 subligaculo
1454 2104 1560 2134 liberati
1581 2107 1674 2134 arietis

263 2141 395 2178 implerem
416 2148 510 2167 ternos
526 2140 658 2177 peperisse
674 2140 725 2169 visa
740 2141 787 2170 est.
839 2144 914 2171 Oves
929 2144 957 2171 in
975 2141 1151 2180 salsugiuofis
1166 2147 1193 2173 &-
1219 2140 1365 2174 maritimis
1386 2146 1553 2185 pinguiores
1578 2148 1602 2176 ὅ(
1623 2146 1673 2175 foe-

263 2181 412 2211 cundiores
426 2179 498 2210 nasci
515 2181 545 2209 in
563 2181 636 2210 ltalia
653 2181 826 2213 observatum
843 2183 927 2214 habet
948 2186 989 2224 ι10
1002 2193 1041 2227 ΝΞ
1054 2194 1094 2212 το
1104 2194 1124 2212 N
1136 2194 1173 2215 cs
1194 2187 1295 2225 quadr.
1307 2193 1337 2225 p.
1352 2193 1394 2224 [ὁ.

270 2223 399 2278 spa-n.
425 2222 534 2264 2001.
559 2221 660 2276 Fasc.
679 2222 752 2263 XI.
1080 2224 1099 2266 1
