2032 2732
685 232 1488 293 Qss<3>=Qss

317 324 524 381 appellens
550 325 748 382 inhospita
775 327 817 368 in
839 341 908 369 ora
926 325 1147 369 occumbit.
1175 349 1216 357 -
1281 326 1388 369 Inter
1413 327 1572 370 Lenam
1597 338 1635 370 et
1659 325 1851 370 lenifeam

319 385 452 425 ventis
472 384 706 439 praesertim
732 398 753 426 a
772 385 896 426 Borea
919 397 959 426 et
984 384 1195 427 occidente
1213 383 1399 440 hyberno
1420 385 1609 427 flantibus
1626 398 1664 426 et
1680 385 1853 440 glaciem

321 441 457 482 versus
476 442 607 482 littora
626 441 866 496 pellentibus
881 442 1040 483 abunde
1055 442 1284 493 adventant,
1297 443 1586 499 contrariisque
1602 442 1737 483 denuo
1756 455 1854 483 cum

321 497 449 554 glacie
475 499 516 539 in
539 500 664 540 altum
687 498 850 541 abeunt.
911 500 1174 555 Conglaciato
1191 499 1341 554 hyeme
1360 500 1526 541 Oceano
1554 505 1595 540 in
1621 499 1738 554 plaga
1756 498 1855 540 Sibi-

324 556 405 596 riae
430 555 499 596 sub
526 555 634 597 areto
659 556 736 607 fita,
769 556 880 610 cujus
907 564 1070 598 aeterno
1095 556 1190 611 gelu
1216 556 1428 598 constriffta
1454 556 1568 598 tellus
1585 556 1712 611 sylvas
1731 555 1857 597 nullas

323 612 491 667 profert,
528 612 594 654 sed
624 613 769 655 muscis
790 627 915 670 *atque
940 614 1176 663 lichenibus,
1207 614 1361 655 nudam
1388 614 1502 669 saepe
1524 613 1698 669 glaciem
1726 614 1858 654 incru-

325 669 530 721 stantibus,
563 670 743 712 dealbata
760 683 905 725 torpet,
932 670 1109 712 brumali
1127 671 1242 725 saepe
1263 669 1384 712 noste
1403 683 1442 711 et
1461 670 1680 712 tenebrofis
1701 668 1858 725 procel·

324 727 368 769 lis
387 726 580 782 deceptu-s
600 727 759 782 longius
778 728 946 782 quidem
964 742 987 769 a
1005 729 1106 769 mari
1124 738 1330 782 evagatur,
1355 727 1588 782 praesertim
1607 726 1860 781 hybernaeu-

323 784 410 826 lum
430 784 688 839 quaesiturus,
715 784 780 826 sed
797 798 1008 840 nunquam
1025 785 1066 825 in
1085 784 1391 825 mediterraneis
1406 784 1504 825 locis
1523 784 1711 826 aestatem
1728 782 1859 824 transi-

325 842 384 899 git
409 855 475 882 aut
497 841 673 896 speciem
702 854 910 896 propagat,
947 854 1023 881 nec
1047 854 1231 894 unquam
1255 841 1296 880 in
1320 839 1491 894 sylvosas
1517 840 1637 895 usque
1659 841 1859 895 regiones,

326 914 348 941 e
371 898 518 954 quibus
544 910 684 938 contra
700 897 827 938 Ursus
853 897 1029 952 vulgaris
1058 898 1099 937 in
1116 896 1308 938 arPticam
1336 897 1496 952 plagam
1514 896 1708 952 progredi
1731 898 1858 948 timet,

327 969 438 998 extra
463 954 662 996 circulum
687 953 883 995 arfflcum
906 953 1125 999 descendit.
1187 953 1255 995 Ab
1280 953 1378 994 ostio
1393 954 1580 1008 jenifieae
1603 954 1728 995 rarius
1746 954 1860 994 Man·

326 1012 484 1069 gaseam
509 1010 646 1064 usque,
677 1010 727 1051 ad
752 1010 911 1052 Lenam
934 1013 1002 1051 vix
1027 1011 1127 1052 ultra
1150 1010 1476 1065 hybernaculum
1500 1010 1638 1052 Siktak
1662 1009 1860 1052 observati

327 1072 438 1122 sunt,
468 1080 507 1110 et
524 1081 656 1109 tamen
675 1068 730 1108 ibi
747 1065 1052 1123 frequentifflmi
1068 1068 1110 1108 in
1128 1081 1198 1109 ora
1216 1068 1418 1109 maritima
1441 1068 1659 1114 versantur,
1690 1066 1859 1123 possent-

328 1128 468 1184 quein
487 1125 666 1166 latiffime
688 1123 836 1165 diffufis
861 1125 1012 1166 horum
1033 1125 1253 1166 fluviorum
1280 1124 1414 1176 alveis,
1444 1125 1515 1166 sub
1537 1124 1676 1180 <rigido
1693 1124 1860 1165 Sibiriae

324 1183 463 1234 coelo,
510 1183 742 1237 aquaticum
775 1185 880 1223 vitae
911 1196 1041 1237 genus
1072 1179 1188 1223 facile
1210 1183 1463 1223 continuare.
1539 1183 1596 1223 At
1622 1182 1665 1222 in
1691 1182 1860 1236 regione

329 1239 497 1283 Obenfis
514 1240 616 1281 finus
635 1238 1148 1281 rariffimeadObdoriense
1161 1239 1469 1280 munimentum
1486 1249 1526 1280 et
1543 1238 1717 1281 eandem
1735 1239 1860 1291 usque

328 1296 581 1340 latitudinem
598 1297 854 1350 perveniunt,
885 1297 1009 1351 inq-ue
1027 1307 1108 1338 tota
1125 1309 1194 1336 ora
1209 1296 1316 1337 inter
1331 1295 1472 1337 Obum
1491 1307 1529 1336 et
1548 1296 1672 1336 Maris
1688 1294 1766 1335 albi
1785 1293 1861 1335 fre-

329 1369 419 1398 tum
438 1355 640 1409 parciores
666 1352 941 1404 observantur,
971 1354 1065 1408 quia
1083 1353 1242 1394 Terrae
1265 1366 1396 1394 novae
1415 1352 1551 1402 insula,
1581 1352 1787 1407 longeque
1811 1349 1860 1392 ad

330 1413 646 1467 septentrionem
685 1410 938 1451 excurrentia
963 1409 1141 1451 Obensia
1170 1409 1452 1451 promontoria
1485 1407 1694 1464 refugium
1732 1408 1862 1463 magis

332 1466 638 1524 septentrionale
654 1479 731 1521 pro
747 1466 940 1521 hybernis
957 1467 1222 1521 suppeditant.
1255 1466 1323 1507 Est
1333 1468 1442 1507 enim
1459 1465 1538 1506 hoc
1553 1465 1700 1506 animal
1715 1466 1862 1510 omnis,

330 1539 375 1568 ut
393 1525 566 1574 videtur,
597 1523 738 1565 caloris
751 1524 1143 1579 -impatientiffimum
1160 1522 1361 1578 etpelago
1386 1521 1642 1578 frigidissimo
1668 1521 1862 1578 gaudens,

333 1581 444 1636 cujus
461 1581 710 1636 geliditatem
734 1594 872 1623 natans
888 1582 1030 1623 aestate
1048 1580 1175 1622 homo
1192 1582 1260 1621 vix
1279 1593 1352 1635 per
1369 1581 1577 1621 minutum
1595 1576 1704 1620 ferre
1719 1578 1862 1634 potest,

334 1639 449 1680 simul
467 1638 549 1680 solo
568 1637 693 1678 vietui
710 1638 930 1692 pisculento
947 1638 1167 1689 adsuetum.
1228 1637 1354 1678 Ursus
1371 1638 1548 1678 marinus
1560 1635 1708 1689 junior,
1735 1649 1863 1691 quem

333 1698 476 1738 vivum
501 1709 550 1736 ex
575 1694 724 1735 Obensi
747 1696 916 1750 regione
939 1695 1061 1737 habui
1088 1707 1126 1735 et
1149 1692 1384 1747 Krasnojarii
1411 1693 1584 1741 diffecui,
1616 1692 1766 1747 hyeme
1791 1692 1862 1734 sub

334 1752 442 1795 testo
470 1752 654 1795 detentus
675 1752 783 1806 quasi
805 1755 1048 1808 aegrotabat,
1074 1751 1305 1792 laetiffimus
1327 1762 1467 1791 contra
1483 1752 1525 1791 in
1541 1750 1634 1790 nive
1653 1762 1691 1791 et
1707 1749 1776 1791 sub
1793 1749 1862 1789 diu

335 1808 423 1858 fuit,
441 1809 511 1850 ubi
531 1808 651 1849 etiam
668 1809 902 1860 volutando,
922 1808 1172 1864 extensisque
1185 1808 1362 1863 «pedibus
1377 1807 1494 1862 supra
1509 1806 1681 1862 glaciem
1698 1805 1864 1846 decum-

335 1866 472 1908 bendo
497 1864 685 1906 ardorem
702 1878 934 1921 temperare
960 1866 1172 1908 videbatur
1188 1868 1261 1916 (e).
1322 1865 1519 1905 Attamen
1537 1861 1862 1904 Thermometro

334 1923 641 1964 Farenheitiano
662 1923 702 1963 in
715 1923 970 1965 vulneratum
986 1923 1190 1965 abdomen
1207 1919 1393 1970 immiss‘o,
1423 1919 1574 1974 diuque
1592 1918 1770 1967 detento,
1802 1932 1861 1959 ca-

335 1980 466 2021 lorem
485 1978 706 2019 naturalem
718 1980 967 2021 constantem
983 1980 1134 2021 tantillo
1150 1977 1267 2032 supra
1284 1983 1388 2017 1000.
1408 1975 1530 2026 dedit,
1551 1975 1621 2031 qui
1637 1989 1719 2016 non
1734 1975 1862 2016 insoli-

340 2050 402 2079 tus
422 2037 463 2077 in
482 2035 719 2077 animalibus
734 2034 840 2087 feris,
868 2037 1010 2091 lupino
1024 2036 1120 2077 licet
1138 2046 1311 2090 quatuor
1327 2032 1519 2088 gradibus
1535 2031 1661 2086 major
1680 2032 1753 2129 est5

1757 2101 1863 2130 amo·

382 2159 408 2197 e)
423 2156 646 2230 ‘'Idemljnlbyfis
660 2158 775 2228 igini-inis
789 2159 932 2200 Fen-apoli
944 2160 1012 2191 vivis
1026 2158 1087 2190 vifis
1102 2166 1183 2190 notat
1190 2156 1282 2188 Ahhas
1295 2158 1373 2188 ΒΗΑ
1383 2165 1398 2186 P
1408 2165 1422 2186 P
1432 2164 1449 2186 Ε
1463 2154 1643 2190 ιίἈιιιειῑοεΙιε
1660 2155 1766 2196 quage
1778 2154 1809 2184 de
1821 2153 1861 2184 Si-

441 2210 494 2229 erle
537 2210 549 2228 0
562 2225 568 2232 ,
601 2223 606 2229 .
615 2211 648 2240 P,
681 2210 709 2238 3.
