2032 2732
678 198 862 255 Qqss*
982 199 1001 249 (
1060 204 1139 251 46-
1173 200 1189 254 )
1309 197 1489 256 Qess*

637 397 717 480 A
768 394 845 481 Ν
897 394 969 480 Τ
1021 394 1056 479 I
1109 394 1175 480 L
1359 395 1416 481 P
1470 396 1532 480 E

769 531 1404 600 GUTTUROSA.

323 738 557 917 Aur
568 796 670 824 ιιοι»
681 796 706 823 Ε
717 839 725 846 .
734 781 953 837 gutturofit
978 781 1020 823 in
1048 781 1150 824 locis
1171 779 1223 824 ab
1240 781 1412 840 Europa
1436 780 1574 825 nostra
1592 791 1710 825 tanto
1726 790 1851 824 terra-

517 855 608 882 rum
628 838 756 896 spatio
774 840 948 882 remotis
962 839 1089 884 vivit,
1116 851 1162 882 ut
1178 852 1275 882 ante
1289 841 1417 883 cultas
1434 841 1475 882 in
1495 840 1679 898 Imperio
1694 838 1853 882 Ruthe-

517 913 575 939 no
592 895 776 939 scientias
791 897 996 955 Zoologis
1014 896 1091 939 vix
1106 897 1342 940 innotuerit.
1402 894 1644 942 Miffionarii
1665 912 1690 940 e
1710 897 1853 940 Socie-

321 966 408 998 tate
424 953 516 1010 Jesu
532 954 641 1013 apud
659 954 782 997 Sinas
801 953 1011 997 versantes
1068 954 1111 997 ui
1128 954 1436 999 Venationibus
1458 956 1584 1015 regiis
1608 956 1651 998 in
1674 970 1849 1013 mongo-

321 1013 402 1057 lico
421 1011 584 1056 deserto
609 1011 761 1055 institui
783 1010 909 1055 solitis
933 969 1231 1062 interiluerunn
1260 1012 1568 1072 Europaeorum
1590 1014 1713 1072 primi
1740 1013 1852 1057 vide-

320 1083 416 1114 runt
432 1071 544 1113 illam
558 1107 568 1122 ,
597 1068 643 1114 ἀ
660 1070 738 1113 suis
756 1083 967 1131 utcunque
982 1083 1129 1113 notam
1147 1070 1347 1114 fecerunt.
1407 1073 1478 1115 Sic
1503 1071 1723 1115 prmum
1745 1069 1855 1130 apud

322 1129 643 1173 WITSENIUM
662 1130 853 1185 (Noord-
874 1144 921 1172 en
940 1130 1200 1183 Oost-Tatar.
1219 1130 1326 1172 Edit.
1344 1130 1394 1177 II,
1410 1131 1484 1172 vol.
1503 1131 1532 1172 I.
1545 1140 1586 1186 p.
1615 1131 1732 1184 200.)
1753 1129 1855 1171 reci-

320 1200 450 1236 tatus,
478 1188 671 1230 meminit
697 1188 884 1230 animalis
911 1185 1192 1232 Chinenfibus
1220 1188 1472 1245 Hoam-yam
1489 1187 1612 1235 dieti,
1645 1190 1756 1240 cujus
1779 1201 1852 1228 no-

323 1261 424 1289 men
443 1246 543 1288 dicit
567 1247 890 1301 Ovem-caprmn
909 1244 1156 1304 fignificare3
1182 1243 1262 1288 esse
1286 1258 1426 1288 autem
1448 1246 1580 1303 capris
1598 1244 1748 1293 simile,
1777 1244 1853 1286 im-

324 1303 475 1355 herbe,
491 1304 631 1363 pallidi
650 1303 823 1352 coloris,
844 1301 1165 1351 velociffimum;
1195 1318 1410 1364 unumque
1429 1304 1534 1346 vidit
1551 1300 1715 1345 abscisso
1735 1311 1852 1345 crure

324 1364 534 1422 tripedem
551 1362 722 1405 celerius
741 1363 910 1404 incitato
930 1362 1054 1422 Equo
1079 1359 1235 1420 fugisse.
1251 1387 1309 1392 —-
1367 1361 1538 1405 Deinde
1555 1362 1597 1403 in
1624 1362 1747 1417 Opere
1771 1360 1853 1403 Du

323 1417 513 1464 HALDH
539 1420 634 1476 (vol.
658 1420 678 1461 I
684 1420 724 1462 V.
734 1431 774 1476 p.
794 1421 887 1475 34.)
906 1417 952 1462 fit
979 1421 1141 1462 mentio
1167 1420 1401 1478 Caprarum
1426 1417 1712 1462 lutescentium
1731 1419 1852 1474 (Che-

323 1479 592 1533 vresjamzes)
612 1476 885 1521 Chinenfium
900 1478 1206 1534 Hoang-yang,
1235 1491 1328 1538 quae
1361 1478 1526 1536 magnis
1548 1475 1748 1536 gregibus
1775 1489 1851 1534 per

322 1536 482 1580 deserta
504 1535 739 1594 Mongoliae
764 1535 977 1586 incedant]
1004 1536 1209 1578 celerrimi
1236 1533 1392 1585 cursus,
1431 1535 1516 1593 pilo
1537 1535 1714 1583 rudiori,
1749 1547 1851 1578 vere

324 1595 459 1643 lute03
487 1609 662 1653 quarum
681 1596 807 1637 etiam
828 1596 891 1650 (p.
915 1595 1026 1649 335)
1054 1594 1326 1636 venationem
1356 1592 1564 1643 describit,
1592 1593 1637 1635 ὅι
1660 1591 1850 1636 vulnera·

323 1665 385 1696 tas
402 1650 593 1695 observat
609 1652 763 1695 nullam
779 1667 954 1701 vocem,
985 1666 1009 1694 a
1025 1651 1196 1695 canibus
1212 1666 1316 1694 vero
1333 1649 1549 1694 confeQas
1563 1649 1745 1695 balatum
1761 1649 1851 1692 fere

323 1711 534 1753 moriturae
553 1710 704 1768 Caprae
720 1710 858 1753 edere.
875 1734 934 1742 ——
993 1709 1086 1757 ista,
1115 1709 1275 1768 aliaque
1302 1724 1327 1752 e
1342 1708 1584 1764 Jesuitarum
1611 1706 1851 1750 adversariis

323 1770 594 1827 deprompta,
624 1770 751 1811 etiam
766 1769 809 1810 in
830 1769 974 1810 Pinace
992 1769 1185 1810 itinerum
1203 1776 1216 1798 t
1231 1773 1244 1817 )
1260 1768 1344 1825 legi
1361 1765 1533 1825 poffunt.
1590 1765 1757 1822 Reliqui
1774 1779 1849 1822 per

323 1827 569 1870 orientalem
583 1825 721 1869 Asiam
740 1827 1075 1884 peregrinatores
1092 1826 1169 1868 vix
1186 1825 1413 1885 quidquam
1431 1824 1484 1867 de
1500 1823 1636 1865 nostra
1648 1823 1851 1880 Antilope

324 1896 531 1930 notarunt,
589 1884 685 1926 Imo
708 1883 895 1938 J.B121.1.
923 1885 1039 1938 (itin.
1062 1885 1155 1924 edit.
1177 1883 1274 1937 gall.
1299 1883 1376 1924 vol.
1398 1882 1425 1922 l,
1440 1892 1478 1936 p.
1504 1882 1617 1936 193)
1638 1881 1708 1941 qui
1734 1894 1849 1923 men·

325 1943 487 1986 tionem
505 1945 590 1993 ejus
607 1939 724 1988 fecit,
752 1940 861 1982 adeo
879 1954 1025 1997 parum
1039 1938 1219 1981 curiosus
1237 1939 1343 1981 circa
1359 1939 1468 1981 illam
1485 1937 1582 1988 fuit,
1609 1951 1655 1981 ut
1672 1938 1850 1980 eandem

323 2000 565 2042 circuraram
593 1997 799 2040 llimskoae
822 1997 931 2054 apud
955 1997 1138 2040 Suecum
1160 1997 1371 2054 captivum
1398 1995 1545 2044 visam,
1576 2012 1653 2055 pro
1676 1994 1850 2038 moscho

325 2056 536 2105 habuerit,
569 2053 765 2098 cornibus
785 2055 882 2097 licet
906 2054 1178 2112 conlpicuam.
1238 2055 1309 2097 DE
1346 2054 1565 2097 ssRqun
1593 2053 1703 2113 apud
1729 2053 1763 2096 P
1772 2068 1845 2095 EN-

327 2129 544 2159 NANTUM
559 2115 706 2156 citatus
721 2112 838 2155 locus
855 2111 961 2156 mihi
979 2127 1089 2155 nunc
1107 2112 1159 2154 ad
1183 2126 1330 2155 manus
1353 2128 1440 2154 non
1462 2111 1531 2155 est.
1739 2151 1761 2162 ,,
1829 2112 1832 2115 ’

1718 2171 1846 2213 Accu‹

362 2231 395 2270 t)
418 2230 578 2272 Allgemeine
591 2229 711 2271 Historie
727 2230 776 2261 der
791 2229 888 2271 Reifin
902 2239 938 2259 zu
957 2227 1062 2270 Waffir
1075 2230 1135 2259 {md
1142 2238 1178 2259 zu
1192 2229 1298 2259 Laude.
1321 2228 1381 2259 Vol.
1406 2228 1467 2260 VII.
1481 2235 1509 2270 p.
1525 2239 1559 2266 75,
