2032 2732
548 246 1035 303 123255(27)
1152 247 1311 304 2222&

165 345 378 404 cipiebant
396 341 589 401 spiritum.
648 338 826 382 Adultas
856 350 998 383 tamen
1026 341 1144 402 equis
1168 339 1318 402 assequi
1343 340 1456 400 poffe
1481 359 1694 406 nunquam

173 403 334 449 audivi3
362 399 430 443 sed
442 413 563 442 canes
580 412 668 439 non
683 395 900 455 effugiunt,
911 399 948 440 C
959 414 987 440 o
998 413 1117 442 oKIO
1131 401 1257 442 etiam
1275 400 1374 443 teste
1390 413 1416 431 ⁷²¹
1428 406 1461 452 l,
1487 402 1530 446 ὄι
1550 405 1696 466 Lupo-

167 474 261 501 rum
283 457 558 516 perseveranti
574 453 688 498 cursu
705 452 863 513 saepius
884 456 994 498 vinci
1009 455 1260 500 creberrima
1276 473 1349 515 per
1368 458 1571 504 desertum
1592 463 1694 522 spar-

169 516 208 559 sa
226 517 447 574 Sa'igarum
470 515 605 556 crania
621 512 667 555 &
684 513 888 556 cadavera
912 528 1110 572 arguunt,
1141 530 1165 558 e
1191 514 1338 575 quibus
1366 516 1537 561 Cosacci
1562 524 1695 568 multo

170 578 372 626 maJorem
391 587 593 614 cornuum
610 585 832 614 numerum
846 571 1066 629 colligunt,
1098 587 1204 630 quae
1221 588 1243 615 a
1266 573 1588 628 Mercatoribus,
1615 596 1693 639 pro

171 627 372 676 Chinenfi
388 629 614 688 EmporiO,
647 630 752 672 circa
767 629 928 685 Ja'i'cum
946 630 991 672 ὄε
1011 630 1111 672 lrtin
1128 631 1196 673 vili
1217 633 1350 688 pretio
1368 640 1626 680 coemuntur.

286 688 486 748 Denique
503 688 726 733 tenerrima
748 688 938 730 animalia
960 685 1050 730 sunt
1070 688 1241 746 Sa'igae,
1272 687 1575 752 leviffimoque‚
1608 697 1696 742 aliis

172 744 417 788 animalibus
443 746 521 788 vix
549 760 736 804 unquam
770 746 905 788 noxio
945 745 1118 789 vulnere
1156 759 1344 804 pereunt.
1435 750 1647 797 (Licuratas
1671 771 1696 800 a

169 801 347 846 frastura
361 804 543 846 extremi
559 805 685 846 cruris
706 804 774 847 vel
790 804 871 846 alio
887 804 972 847 levi
989 804 1162 847 vulnere
1179 805 1283 846 intra
1296 819 1420 847 unam
1441 807 1612 852 noetem
1623 828 1694 870 pe-

167 873 337 904 reuntes
373 860 479 911 vidi,
526 862 643 904 omni
666 862 762 904 licet
788 877 884 905 cura
914 860 1099 905 adhibita
1165 862 1280 904 Hinc
1304 863 1379 913 est,
1411 866 1526 925 quod
1557 882 1578 910 a
1610 870 1693 916 levi

167 917 306 962 morsu
322 919 454 967 canis,
484 917 730 962 observante
747 921 950 962 C001<1o
964 926 1006 974 ⁷¹)
1023 919 1068 962 ἀ
1083 934 1106 961 a
1126 921 1276 977 quovis
1299 920 1469 979 sclopeti
1486 922 1570 967 ictu
1599 943 1695 986 pro.

170 977 408 1020 sternantur,
446 976 560 1020 Hinc
577 978 703 1020 etIam
719 976 993 1035 Kirgifiorum
1009 979 1178 1020 venatio
1194 976 1384 1027 succedit,
1410 980 1511 1023 dum
1529 983 1569 1025 in
1591 998 1693 1030 trac-

169 1033 281 1078 tibus
309 1033 457 1076 deserti
484 1034 564 1077 alta
584 1034 803 1094 validaque
826 1035 1026 1077 arundine
1049 1033 1170 1093 spiffis
1194 1037 1379 1078 tramites
1401 1040 1605 1093 aperiunt,
1648 1045 1693 1091 in

172 1092 322 1159 quibus
336 1092 582 1134 arundinum
594 1092 716 1134 culmi
730 1092 859 1134 cultro
877 1094 1009 1135 acuati
1024 1095 1076 1134 ad
1092 1093 1350 1136 altitudinem
1363 1109 1526 1139 crurum
1542 1101 1697 1146 anima-

169 1150 220 1192 hs
237 1148 445 1192 exstantes
466 1150 770 1210 relinquuntur,
817 1151 943 1208 inque
967 1149 1041 1193 has
1067 1149 1270 1207 angustias
1294 1152 1516 1210 Sa'igarum
1539 1172 1694 1218 greges

170 1208 356 1267 equitatu
381 1205 561 1250 collecto
583 1222 678 1249 com
713 1207 862 1256 ellunt,
901 1221 1008 1267 quae
1031 1206 1193 1251 saltibus
1215 1209 1256 1249 in
1274 1212 1551 1265 patentiorem
1575 1230 1693 1261 arun-

169 1265 300 1307 dineti
320 1264 461 1306 locum
486 1264 646 1308 delatae
684 1263 813 1323 eipsas
830 1266 983 1307 acuatis
1003 1263 1271 1308 arundinibus
1293 1266 1539 1327 transfigunt
1558 1271 1604 1316 &
1617 1289 1693 1320 ex.

170 1333 366 1366 animant.
1014 1353 1022 1358 -

283 1379 376 1422 Has
394 1380 651 1433 infirmitates
666 1395 752 1423 non
769 1380 898 1423 solum
914 1380 1133 1423 timiditate
1153 1379 1199 1423 δέ
1221 1383 1379 1439 primae
1398 1382 1522 1444 fugae
1538 1390 1694 1436 veloci-

168 1447 252 1480 tate
278 1436 436 1479 summa
461 1437 742 1495 compensavit
766 1450 930 1487 natura,
960 1437 1029 1481 sed
1047 1439 1172 1481 etiam
1188 1442 1322 1482 odoris
1341 1455 1500 1497 organa
1519 1448 1693 1505 amplifi-

169 1508 260 1538 cata
274 1495 497 1543 exaltavit,
526 1495 636 1538 unde
652 1494 830 1538 secundo
846 1507 977 1538 vento
1003 1494 1142 1539 hostes
1165 1496 1217 1539 ad
1235 1496 1347 1540 stadii
1374 1500 1418 1542 <Sc
1440 1502 1543 1545 ultra
1567 1505 1693 1550 inter-

170 1552 326 1595 vallum
349 1551 467 1594 facile
491 1554 733 1611 percipiunt.
794 1553 1170 1612 Adpropinquante
1192 1556 1376 1612 periculo
1397 1560 1582 1615 primum
1610 1575 1690 1609 tre.

170 1610 293 1668 pidae
309 1622 554 1667 procurrunt
573 1610 641 1653 vel
656 1626 740 1652 uno
757 1611 942 1654 alterove
960 1610 1058 1653 saltu
1084 1624 1286 1655 terrorem
1312 1617 1513 1671 produnt,
1545 1620 1693 1666 crebro

171 1667 268 1710 dein
285 1666 493 1710 subsistunt
509 1667 553 1710 <33
571 1667 924 1726 circumspectant,
950 1669 1088 1713 donec
1106 1670 1338 1713 continenti
1356 1671 1482 1722 cursu,
1513 1676 1693 1734 plerum-

147 1728 253 1785 ‘que
271 1725 398 1783 longa
415 1724 514 1768 serie
530 1722 660 1774 faeta,
690 1726 836 1785 sugere
863 1739 1050 1785 pergant.
1110 1727 1372 1786 Explofione
1389 1729 1514 1790 sclopi
1531 1737 1598 1780 vel
1614 1739 1693 1782 cla„

169 1797 289 1826 more
304 1795 393 1826 tum
411 1784 599 1827 maxime
613 1783 666 1827 ad
682 1783 800 1828 saltus
818 1783 1073 1828 exserendos
1095 1782 1338 1829 suscitantur.

996 1842 1041 1886 D
1071 1856 1096 1885 2
1602 1853 1692 1901 Vox

214 1957 256 1993 m)
280 1959 384 1989 Cook
403 1959 522 1999 Voyages
538 1958 591 1989 vol.
607 1959 630 1989 1.
646 1967 673 1999 ρ.
694 1959 957 2000 317.„They(1he
978 1960 1154 1999 Antelopes)
1177 1969 1222 1990 are
1243 1970 1315 2001 very
1335 1961 1424 1999 swifr,
1443 1964 1496 1996 but
1517 1977 1637 2006 cannot,
1664 1970 1704 2004 in'

256 2001 325 2035 „the
342 2000 547 2030 Winterseason
561 2001 728 2042 especially,
751 2002 819 2031 hold
841 2003 863 2033 it
884 2010 934 2031 out
951 2003 1038 2041 long·‚
1062 2002 1107 2031 sor
1125 2005 1134 2031 1
1150 2001 1219 2032 have
1236 2004 1321 2033 taken
1343 2006 1419 2036 them
1440 2007 1603 2052 frequently
1625 2016 1696 2045 with

261 2042 480 2081 „greyhoundffi
502 2043 639 2083 although
650 2065 658 2078 ,
677 2052 706 2073 at
723 2043 796 2074 their
809 2044 867 2073 first
882 2043 985 2083 setting
1000 2052 1051 2074 out
1062 2065 1069 2078 ,
1092 2044 1161 2081 they
1182 2053 1290 2074 outrun
1306 2045 1351 2076 the
1370 2049 1443 2088 dogs
1458 2051 1499 2089 by
1514 2051 1564 2082 far.
1608 2054 1696 2095 They

255 2095 318 2117 „are
334 2084 380 2113 [hc
401 2082 479 2113 finest
494 2094 612 2113 runners
627 2086 718 2124 Jever
732 2086 853 2120 beheld3
875 2096 935 2125 you
958 2086 1056 2116 would
1072 2087 1215 2124 imagine,
1242 2096 1270 2116 ns
1284 2087 1353 2127 they
1371 2100 1423 2120 run
1446 2090 1519 2122 from
1538 2105 1614 2133 you,
1635 2097 1697 2129 that

255 2126 345 2164 „they
361 2125 466 2194 ilncline
481 2135 550 2165 very
566 2126 651 2156 much
666 2135 694 2157 to
710 2137 764 2157 one
780 2127 835 2157 fide
854 2129 879 2158 ὅ(
895 2127 955 2158 that
970 2128 1044 2158 their
1060 2126 1115 2157 feet
1130 2127 1251 2169 scarcely
1265 2130 1352 2160 touch
1362 2130 1417 2162 ‘the
1431 2136 1577 2173 ground‚,·
1615 2139 1696 2169 ltem.

276 2177 311 2196 ue
326 2177 376 2195 vo.
392 2177 416 2196 2.
436 2173 463 2205 p.
480 2175 550 2205 290.
1268 2177 1271 2179 ’

213 2212 245 2248 η)
255 2178 331 2238 qLuc.
356 2209 401 2237 cit.
425 2208 478 2237 vol.
505 2218 530 2237 2.
554 2215 582 2247 p.
608 2216 677 2248 291.
724 2210 808 2244 „The
830 2211 986 2251 Antelopes
1003 2221 1048 2240 are
1068 2208 1096 2240 so
1111 2220 1181 2250 very
1197 2209 1316 2246 fem-ful.
1345 2212 1405 2244 that
1418 2213 1447 2244 if
1455 2224 1471 2246 a
1484 2215 1545 2257 dog
1556 2219 1636 2259 gives
1649 2221 1698 2254 the

254 2250 339 2286 „least
353 2250 428 2285 bite,
449 2250 471 2280 it
485 2249 680 2290 Immediately
696 2252 819 2283 tumbles
837 2253 923 2283 down
935 2274 943 2290 ,
965 2263 1019 2283 nor
1035 2252 1104 2283 does
1125 2253 1146 2283 it
1162 2252 1233 2284 offer
1247 2260 1276 2283 to
1291 2252 1373 2293 rise.‘{
