<?xml version="1.0" encoding="UTF-8"?>
<!DOCTYPE html PUBLIC "-//W3C//DTD XHTML 1.0 Transitional//EN"
    "http://www.w3.org/TR/xhtml1/DTD/xhtml1-transitional.dtd">
<html xmlns="http://www.w3.org/1999/xhtml" xml:lang="en" lang="en">
 <head>
  <title>
</title>
<meta http-equiv="Content-Type" content="text/html;charset=utf-8" />
  <meta name='ocr-system' content='tesseract 3.04.00' />
  <meta name='ocr-capabilities' content='ocr_page ocr_carea ocr_par ocr_line ocrx_word'/>
</head>
<body>
  <div class='ocr_page' id='page_1' title='image "./spicilegiazoolog914pall_0180.png"; bbox 0 0 2032 2732; ppageno 0'>
   <div class='ocr_carea' id='block_1_1' title="bbox 668 205 1482 265">
    <p class='ocr_par' dir='ltr' id='par_1_1' title="bbox 668 205 1482 265">
     <span class='ocr_line' id='line_1_1' title="bbox 668 205 1482 265; baseline 0.005 -4"><span class='ocrx_word' id='word_1_1' title='bbox 668 205 849 262; x_wconf 48' lang='lat' dir='ltr'><strong>”³400st</strong></span> <span class='ocrx_word' id='word_1_2' title='bbox 972 206 1182 262; x_wconf 88' lang='lat'>(16)</span> <span class='ocrx_word' id='word_1_3' title='bbox 1301 208 1482 265; x_wconf 38' lang='grc' dir='ltr'><strong>Νύξ*</strong></span> 
     </span>
    </p>
   </div>
   <div class='ocr_carea' id='block_1_2' title="bbox 318 299 1893 2253">
    <p class='ocr_par' dir='ltr' id='par_1_2' title="bbox 318 299 1836 884">
     <span class='ocr_line' id='line_1_2' title="bbox 321 299 1834 361; baseline 0.004 -17"><span class='ocrx_word' id='word_1_4' title='bbox 321 300 453 359; x_wconf 85' lang='lat' dir='ltr'><strong>stirpis</strong></span> <span class='ocrx_word' id='word_1_5' title='bbox 466 332 475 349; x_wconf 88' lang='lat'><strong>,</strong></span> <span class='ocrx_word' id='word_1_6' title='bbox 507 316 633 361; x_wconf 88' lang='lat' dir='ltr'><strong>quam</strong></span> <span class='ocrx_word' id='word_1_7' title='bbox 655 301 761 344; x_wconf 87' lang='lat' dir='ltr'><strong>laeta</strong></span> <span class='ocrx_word' id='word_1_8' title='bbox 777 299 923 359; x_wconf 85' lang='lat' dir='ltr'><strong>pascua</strong></span> <span class='ocrx_word' id='word_1_9' title='bbox 939 300 1165 361; x_wconf 86' lang='lat' dir='ltr'><strong>frigidioris</strong></span> <span class='ocrx_word' id='word_1_10' title='bbox 1174 302 1352 347; x_wconf 85' lang='lat' dir='ltr'><strong>Sibiriae</strong></span> <span class='ocrx_word' id='word_1_11' title='bbox 1374 305 1416 347; x_wconf 90' lang='lat' dir='ltr'><strong>in</strong></span> <span class='ocrx_word' id='word_1_12' title='bbox 1432 317 1594 349; x_wconf 85' lang='lat' dir='ltr'><strong>tantum</strong></span> <span class='ocrx_word' id='word_1_13' title='bbox 1613 320 1834 357; x_wconf 77' lang='lat' dir='ltr'><strong>auxerunt,</strong></span> 
     </span>
     <span class='ocr_line' id='line_1_3' title="bbox 320 359 1835 422; baseline 0.005 -21"><span class='ocrx_word' id='word_1_14' title='bbox 320 374 586 420; x_wconf 84' lang='lat' dir='ltr'>nequaquam</span> <span class='ocrx_word' id='word_1_15' title='bbox 605 359 884 403; x_wconf 82' lang='lat' dir='ltr'>dubitaverim</span> <span class='ocrx_word' id='word_1_16' title='bbox 907 360 1185 420; x_wconf 85' lang='lat' dir='ltr'>Eandemque</span> <span class='ocrx_word' id='word_1_17' title='bbox 1211 360 1291 405; x_wconf 87' lang='lat' dir='ltr'><strong>esse</strong></span> <span class='ocrx_word' id='word_1_18' title='bbox 1318 362 1484 422; x_wconf 83' lang='lat' dir='ltr'><strong>stirpem</strong></span> <span class='ocrx_word' id='word_1_19' title='bbox 1506 364 1835 409; x_wconf 86' lang='lat' dir='ltr'><strong>domesticarum</strong></span> 
     </span>
     <span class='ocr_line' id='line_1_4' title="bbox 318 417 1836 482; baseline 0.004 -21"><span class='ocrx_word' id='word_1_20' title='bbox 318 417 486 462; x_wconf 90' lang='lat' dir='ltr'><strong>Ovium</strong></span> <span class='ocrx_word' id='word_1_21' title='bbox 538 418 729 476; x_wconf 86' lang='lat' dir='ltr'>diligenti</span> <span class='ocrx_word' id='word_1_22' title='bbox 771 418 949 475; x_wconf 87' lang='lat' dir='ltr'><strong>partium</strong></span> <span class='ocrx_word' id='word_1_23' title='bbox 1006 431 1276 463; x_wconf 82' lang='lat' dir='ltr'><strong>externarum</strong></span> <span class='ocrx_word' id='word_1_24' title='bbox 1330 422 1668 482; x_wconf 85' lang='lat' dir='ltr'><strong>internarumque</strong></span> <span class='ocrx_word' id='word_1_25' title='bbox 1720 439 1836 466; x_wconf 85' lang='lat' dir='ltr'><strong>com·</strong></span> 
     </span>
     <span class='ocr_line' id='line_1_5' title="bbox 319 475 1836 538; baseline 0.003 -17"><span class='ocrx_word' id='word_1_26' title='bbox 319 478 535 538; x_wconf 87' lang='lat' dir='ltr'><strong>paratione</strong></span> <span class='ocrx_word' id='word_1_27' title='bbox 569 475 791 520; x_wconf 62' lang='lat' dir='ltr'><strong>convictus</strong></span> <span class='ocrx_word' id='word_1_28' title='bbox 831 475 936 526; x_wconf 87' lang='lat' dir='ltr'><strong>sum,</strong></span> <span class='ocrx_word' id='word_1_29' title='bbox 978 492 1153 534; x_wconf 87' lang='lat' dir='ltr'><strong>quarum</strong></span> <span class='ocrx_word' id='word_1_30' title='bbox 1195 479 1387 537; x_wconf 89' lang='lat' dir='ltr'><strong>analogia</strong></span> <span class='ocrx_word' id='word_1_31' title='bbox 1425 481 1532 523; x_wconf 89' lang='lat' dir='ltr'><strong>inter</strong></span> <span class='ocrx_word' id='word_1_32' title='bbox 1565 481 1652 524; x_wconf 87' lang='lat' dir='ltr'><strong>fera</strong></span> <span class='ocrx_word' id='word_1_33' title='bbox 1686 481 1728 524; x_wconf 66' lang='grc' dir='ltr'><em>ἃ</em></span> <span class='ocrx_word' id='word_1_34' title='bbox 1761 482 1836 524; x_wconf 91' lang='lat' dir='ltr'><strong>do-</strong></span> 
     </span>
     <span class='ocr_line' id='line_1_6' title="bbox 318 534 1835 596; baseline 0.001 -16"><span class='ocrx_word' id='word_1_35' title='bbox 318 535 487 580; x_wconf 88' lang='lat' dir='ltr'><strong>mestica</strong></span> <span class='ocrx_word' id='word_1_36' title='bbox 501 534 656 577; x_wconf 82' lang='lat' dir='ltr'><strong>haecce</strong></span> <span class='ocrx_word' id='word_1_37' title='bbox 676 534 868 577; x_wconf 86' lang='lat' dir='ltr'><strong>animalia</strong></span> <span class='ocrx_word' id='word_1_38' title='bbox 885 547 997 590; x_wconf 81' lang='lat' dir='ltr'><strong>tanta</strong></span> <span class='ocrx_word' id='word_1_39' title='bbox 1013 535 1090 584; x_wconf 89' lang='lat' dir='ltr'><strong>est,</strong></span> <span class='ocrx_word' id='word_1_40' title='bbox 1119 548 1164 579; x_wconf 88' lang='lat' dir='ltr'><strong>ut</strong></span> <span class='ocrx_word' id='word_1_41' title='bbox 1182 536 1314 578; x_wconf 89' lang='lat' dir='ltr'><strong>multo</strong></span> <span class='ocrx_word' id='word_1_42' title='bbox 1347 539 1480 595; x_wconf 87' lang='lat' dir='ltr'><strong>magis</strong></span> <span class='ocrx_word' id='word_1_43' title='bbox 1508 537 1616 596; x_wconf 84' lang='lat' dir='ltr'><strong>ipsae</strong></span> <span class='ocrx_word' id='word_1_44' title='bbox 1641 539 1835 582; x_wconf 86' lang='lat' dir='ltr'><strong>domesti-</strong></span> 
     </span>
     <span class='ocr_line' id='line_1_7' title="bbox 318 591 1833 655; baseline 0.001 -16"><span class='ocrx_word' id='word_1_45' title='bbox 318 611 392 639; x_wconf 88' lang='lat' dir='ltr'><strong>cae</strong></span> <span class='ocrx_word' id='word_1_46' title='bbox 409 594 533 637; x_wconf 85' lang='lat' dir='ltr'><strong>Oves</strong></span> <span class='ocrx_word' id='word_1_47' title='bbox 552 608 576 635; x_wconf 88' lang='lat' dir='ltr'><strong>e</strong></span> <span class='ocrx_word' id='word_1_48' title='bbox 593 594 717 635; x_wconf 87' lang='lat' dir='ltr'><strong>variis</strong></span> <span class='ocrx_word' id='word_1_49' title='bbox 737 591 851 635; x_wconf 87' lang='lat' dir='ltr'><strong>orbis</strong></span> <span class='ocrx_word' id='word_1_50' title='bbox 868 593 1052 651; x_wconf 89' lang='lat' dir='ltr'><strong>partibus</strong></span> <span class='ocrx_word' id='word_1_51' title='bbox 1068 595 1175 636; x_wconf 91' lang='lat' dir='ltr'><strong>inter</strong></span> <span class='ocrx_word' id='word_1_52' title='bbox 1192 593 1230 636; x_wconf 89' lang='lat' dir='ltr'><strong>se</strong></span> <span class='ocrx_word' id='word_1_53' title='bbox 1248 595 1420 638; x_wconf 88' lang='lat' dir='ltr'><strong>collatae</strong></span> <span class='ocrx_word' id='word_1_54' title='bbox 1440 594 1690 655; x_wconf 81' lang='lat' dir='ltr'><strong>discrepent;</strong></span> <span class='ocrx_word' id='word_1_55' title='bbox 1721 598 1833 640; x_wconf 89' lang='lat' dir='ltr'><strong>unde</strong></span> 
     </span>
     <span class='ocr_line' id='line_1_8' title="bbox 319 649 1834 712; baseline 0 -15"><span class='ocrx_word' id='word_1_56' title='bbox 319 653 575 705; x_wconf 68' lang='lat' dir='ltr'><strong>nullumJam</strong></span> <span class='ocrx_word' id='word_1_57' title='bbox 592 649 766 693; x_wconf 89' lang='lat' dir='ltr'><strong>dubium</strong></span> <span class='ocrx_word' id='word_1_58' title='bbox 784 652 837 693; x_wconf 85' lang='lat' dir='ltr'><strong>de</strong></span> <span class='ocrx_word' id='word_1_59' title='bbox 859 651 1076 694; x_wconf 87' lang='lat' dir='ltr'><strong>identitate</strong></span> <span class='ocrx_word' id='word_1_60' title='bbox 1100 650 1247 709; x_wconf 88' lang='lat' dir='ltr'><strong>speciei</strong></span> <span class='ocrx_word' id='word_1_61' title='bbox 1266 651 1465 710; x_wconf 79' lang='lat' dir='ltr'><strong>supereffe</strong></span> <span class='ocrx_word' id='word_1_62' title='bbox 1487 655 1631 712; x_wconf 89' lang='lat' dir='ltr'><strong>potest.</strong></span> <span class='ocrx_word' id='word_1_63' title='bbox 1693 655 1834 697; x_wconf 83' lang='lat' dir='ltr'><strong>Maxi-</strong></span> 
     </span>
     <span class='ocr_line' id='line_1_9' title="bbox 319 708 1835 771; baseline 0.001 -18"><span class='ocrx_word' id='word_1_64' title='bbox 319 728 391 755; x_wconf 90' lang='lat' dir='ltr'><strong>ma</strong></span> <span class='ocrx_word' id='word_1_65' title='bbox 407 711 521 754; x_wconf 90' lang='lat' dir='ltr'><strong>enim</strong></span> <span class='ocrx_word' id='word_1_66' title='bbox 545 708 590 751; x_wconf 68' lang='lat' dir='ltr'><strong>dc</strong></span> <span class='ocrx_word' id='word_1_67' title='bbox 613 708 701 751; x_wconf 85' lang='lat' dir='ltr'><strong>fere</strong></span> <span class='ocrx_word' id='word_1_68' title='bbox 728 710 849 751; x_wconf 87' lang='lat' dir='ltr'><strong>unica</strong></span> <span class='ocrx_word' id='word_1_69' title='bbox 872 708 1103 752; x_wconf 83' lang='lat' dir='ltr'><strong>differentia</strong></span> <span class='ocrx_word' id='word_1_70' title='bbox 1131 709 1189 751; x_wconf 88' lang='lat' dir='ltr'><strong>est</strong></span> <span class='ocrx_word' id='word_1_71' title='bbox 1207 710 1246 750; x_wconf 93' lang='lat' dir='ltr'><strong>in</strong></span> <span class='ocrx_word' id='word_1_72' title='bbox 1267 710 1421 753; x_wconf 88' lang='lat' dir='ltr'><strong>vellere</strong></span> <span class='ocrx_word' id='word_1_73' title='bbox 1438 711 1482 754; x_wconf 50' lang='lat' dir='ltr'><strong>dic</strong></span> <span class='ocrx_word' id='word_1_74' title='bbox 1501 713 1652 760; x_wconf 88' lang='lat' dir='ltr'><strong>cauda,</strong></span> <span class='ocrx_word' id='word_1_75' title='bbox 1685 712 1835 771; x_wconf 86' lang='lat' dir='ltr'><strong>quibus</strong></span> 
     </span>
     <span class='ocr_line' id='line_1_10' title="bbox 319 766 1836 829; baseline 0 -16"><span class='ocrx_word' id='word_1_76' title='bbox 319 770 412 828; x_wconf 87' lang='lat' dir='ltr'><strong>ipsis</strong></span> <span class='ocrx_word' id='word_1_77' title='bbox 432 766 677 811; x_wconf 82' lang='lat' dir='ltr'><strong>domesticas</strong></span> <span class='ocrx_word' id='word_1_78' title='bbox 697 782 866 826; x_wconf 80' lang='lat' dir='ltr'><strong>quoque</strong></span> <span class='ocrx_word' id='word_1_79' title='bbox 881 769 1103 809; x_wconf 87' lang='lat' dir='ltr'><strong>varietates</strong></span> <span class='ocrx_word' id='word_1_80' title='bbox 1134 767 1241 809; x_wconf 89' lang='lat' dir='ltr'><strong>inter</strong></span> <span class='ocrx_word' id='word_1_81' title='bbox 1264 766 1303 809; x_wconf 91' lang='lat' dir='ltr'><strong>se</strong></span> <span class='ocrx_word' id='word_1_82' title='bbox 1328 770 1575 813; x_wconf 85' lang='lat' dir='ltr'><strong>tantundem</strong></span> <span class='ocrx_word' id='word_1_83' title='bbox 1605 768 1836 829; x_wconf 82' lang='lat' dir='ltr'>discrepare</span> 
     </span>
     <span class='ocr_line' id='line_1_11' title="bbox 319 824 1735 884; baseline -0.005 -13"><span class='ocrx_word' id='word_1_84' title='bbox 319 828 426 872; x_wconf 84' lang='lat' dir='ltr'><strong>infra</strong></span> <span class='ocrx_word' id='word_1_85' title='bbox 444 826 665 884; x_wconf 86' lang='lat' dir='ltr'><strong>sequentur</strong></span> <span class='ocrx_word' id='word_1_86' title='bbox 680 824 891 881; x_wconf 87' lang='lat' dir='ltr'><strong>exempla.</strong></span> <span class='ocrx_word' id='word_1_87' title='bbox 1728 844 1735 851; x_wconf 73' lang='grc'><em>·</em></span> 
     </span>
    </p>

    <p class='ocr_par' dir='ltr' id='par_1_3' title="bbox 319 881 1837 1405">
     <span class='ocr_line' id='line_1_12' title="bbox 436 881 1834 944; baseline 0.002 -18"><span class='ocrx_word' id='word_1_88' title='bbox 436 884 554 926; x_wconf 85' lang='lat' dir='ltr'>Facit</span> <span class='ocrx_word' id='word_1_89' title='bbox 578 881 679 932; x_wconf 89' lang='lat' dir='ltr'><strong>huc,</strong></span> <span class='ocrx_word' id='word_1_90' title='bbox 712 892 827 940; x_wconf 78' lang='lat' dir='ltr'><strong>quod</strong></span> <span class='ocrx_word' id='word_1_91' title='bbox 850 881 964 925; x_wconf 81' lang='lat' dir='ltr'><strong>ferae</strong></span> <span class='ocrx_word' id='word_1_92' title='bbox 990 881 1115 925; x_wconf 89' lang='lat' dir='ltr'><strong>Oves</strong></span> <span class='ocrx_word' id='word_1_93' title='bbox 1141 897 1237 924; x_wconf 90' lang='lat' dir='ltr'><strong>cum</strong></span> <span class='ocrx_word' id='word_1_94' title='bbox 1264 883 1587 928; x_wconf 87' lang='lat' dir='ltr'><strong>Ruminantibus</strong></span> <span class='ocrx_word' id='word_1_95' title='bbox 1612 885 1834 944; x_wconf 86' lang='lat' dir='ltr'><strong>plerisque,</strong></span> 
     </span>
     <span class='ocr_line' id='line_1_13' title="bbox 319 939 1837 1002; baseline 0 -16"><span class='ocrx_word' id='word_1_96' title='bbox 319 940 559 1002; x_wconf 82' lang='lat' dir='ltr'><strong>praesertim</strong></span> <span class='ocrx_word' id='word_1_97' title='bbox 579 939 851 997; x_wconf 87' lang='lat' dir='ltr'><strong>Antilopibus</strong></span> <span class='ocrx_word' id='word_1_98' title='bbox 865 972 875 989; x_wconf 98' lang='lat'><strong>,</strong></span> <span class='ocrx_word' id='word_1_99' title='bbox 902 940 1002 982; x_wconf 89' lang='lat' dir='ltr'><strong>illud</strong></span> <span class='ocrx_word' id='word_1_100' title='bbox 1025 939 1468 990; x_wconf 82' lang='lat' dir='ltr'><strong>habeantcommune,</strong></span> <span class='ocrx_word' id='word_1_101' title='bbox 1494 955 1537 984; x_wconf 91' lang='lat' dir='ltr'><strong>ut</strong></span> <span class='ocrx_word' id='word_1_102' title='bbox 1557 943 1599 984; x_wconf 86' lang='lat' dir='ltr'><strong>in</strong></span> <span class='ocrx_word' id='word_1_103' title='bbox 1611 946 1837 986; x_wconf 88' lang='lat' dir='ltr'><strong>tenerrima</strong></span> 
     </span>
     <span class='ocr_line' id='line_1_14' title="bbox 320 997 1836 1061; baseline 0.001 -18"><span class='ocrx_word' id='word_1_104' title='bbox 320 1012 456 1044; x_wconf 87' lang='lat' dir='ltr'><strong>aetate</strong></span> <span class='ocrx_word' id='word_1_105' title='bbox 480 1011 625 1061; x_wconf 87' lang='lat' dir='ltr'><strong>captae</strong></span> <span class='ocrx_word' id='word_1_106' title='bbox 653 997 847 1041; x_wconf 82' lang='lat' dir='ltr'>facillime</span> <span class='ocrx_word' id='word_1_107' title='bbox 871 999 1104 1042; x_wconf 87' lang='lat' dir='ltr'><strong>cicurentur</strong></span> <span class='ocrx_word' id='word_1_108' title='bbox 1131 998 1176 1041; x_wconf 68' lang='lat' dir='ltr'><strong>dc</strong></span> <span class='ocrx_word' id='word_1_109' title='bbox 1202 997 1435 1042; x_wconf 78' lang='lat' dir='ltr'>adsuescant</span> <span class='ocrx_word' id='word_1_110' title='bbox 1457 999 1631 1043; x_wconf 83' lang='lat' dir='ltr'><strong>homini.</strong></span> <span class='ocrx_word' id='word_1_111' title='bbox 1705 1002 1836 1055; x_wconf 87' lang='lat' dir='ltr'><strong>Cujus</strong></span> 
     </span>
     <span class='ocr_line' id='line_1_15' title="bbox 320 1055 1837 1116; baseline -0.001 -14"><span class='ocrx_word' id='word_1_112' title='bbox 320 1056 673 1102; x_wconf 85' lang='lat' dir='ltr'><strong>evidentiflimum</strong></span> <span class='ocrx_word' id='word_1_113' title='bbox 700 1055 776 1099; x_wconf 82' lang='lat' dir='ltr'><strong>fuit</strong></span> <span class='ocrx_word' id='word_1_114' title='bbox 802 1069 1109 1115; x_wconf 85' lang='lat' dir='ltr'><strong>argumentum.</strong></span> <span class='ocrx_word' id='word_1_115' title='bbox 1188 1059 1338 1116; x_wconf 86' lang='lat' dir='ltr'><strong>Agnus</strong></span> <span class='ocrx_word' id='word_1_116' title='bbox 1373 1057 1484 1101; x_wconf 86' lang='lat' dir='ltr'><strong>ferus</strong></span> <span class='ocrx_word' id='word_1_117' title='bbox 1522 1059 1677 1101; x_wconf 83' lang='lat' dir='ltr'><strong>eodem</strong></span> <span class='ocrx_word' id='word_1_118' title='bbox 1711 1075 1837 1109; x_wconf 85' lang='lat' dir='ltr'><strong>anno,</strong></span> 
     </span>
     <span class='ocr_line' id='line_1_16' title="bbox 320 1114 1836 1177; baseline 0 -18"><span class='ocrx_word' id='word_1_119' title='bbox 320 1132 405 1177; x_wconf 92' lang='lat' dir='ltr'><strong>quo</strong></span> <span class='ocrx_word' id='word_1_120' title='bbox 432 1116 665 1159; x_wconf 74' lang='lat' dir='ltr'><strong>Davuriam</strong></span> <span class='ocrx_word' id='word_1_121' title='bbox 693 1115 796 1164; x_wconf 87' lang='lat' dir='ltr'><strong>adii,</strong></span> <span class='ocrx_word' id='word_1_122' title='bbox 831 1128 975 1174; x_wconf 82' lang='lat' dir='ltr'><strong>captus</strong></span> <span class='ocrx_word' id='word_1_123' title='bbox 1003 1115 1047 1158; x_wconf 68' lang='grc' dir='ltr'><strong>ὄι</strong></span> <span class='ocrx_word' id='word_1_124' title='bbox 1077 1131 1100 1158; x_wconf 86' lang='lat' dir='ltr'><strong>a</strong></span> <span class='ocrx_word' id='word_1_125' title='bbox 1122 1114 1330 1174; x_wconf 85' lang='lat' dir='ltr'><strong>Tunguso</strong></span> <span class='ocrx_word' id='word_1_126' title='bbox 1360 1131 1434 1174; x_wconf 86' lang='lat' dir='ltr'><strong>per</strong></span> <span class='ocrx_word' id='word_1_127' title='bbox 1464 1115 1651 1159; x_wconf 87' lang='lat' dir='ltr'><strong>mensem</strong></span> <span class='ocrx_word' id='word_1_128' title='bbox 1682 1116 1770 1160; x_wconf 86' lang='lat' dir='ltr'><strong>fere</strong></span> <span class='ocrx_word' id='word_1_129' title='bbox 1792 1119 1836 1159; x_wconf 92' lang='lat' dir='ltr'><strong>in</strong></span> 
     </span>
     <span class='ocr_line' id='line_1_17' title="bbox 320 1172 1836 1226; baseline -0.001 -7"><span class='ocrx_word' id='word_1_130' title='bbox 320 1175 506 1219; x_wconf 90' lang='lat' dir='ltr'><strong>tentorio</strong></span> <span class='ocrx_word' id='word_1_131' title='bbox 534 1173 754 1221; x_wconf 86' lang='lat' dir='ltr'><strong>educatus,</strong></span> <span class='ocrx_word' id='word_1_132' title='bbox 785 1172 857 1216; x_wconf 88' lang='lat' dir='ltr'><strong>ubi</strong></span> <span class='ocrx_word' id='word_1_133' title='bbox 885 1175 1074 1215; x_wconf 86' lang='lat' dir='ltr'><strong>maxime</strong></span> <span class='ocrx_word' id='word_1_134' title='bbox 1104 1173 1340 1218; x_wconf 77' lang='lat' dir='ltr'><strong>mansuetus</strong></span> <span class='ocrx_word' id='word_1_135' title='bbox 1362 1178 1448 1226; x_wconf 88' lang='lat' dir='ltr'><strong>jam</strong></span> <span class='ocrx_word' id='word_1_136' title='bbox 1472 1187 1559 1216; x_wconf 85' lang='lat' dir='ltr'><strong>erat</strong></span> <span class='ocrx_word' id='word_1_137' title='bbox 1577 1173 1734 1222; x_wconf 59' lang='lat' dir='ltr'><strong>factus,</strong></span> <span class='ocrx_word' id='word_1_138' title='bbox 1766 1173 1836 1217; x_wconf 87' lang='lat' dir='ltr'><strong>sed</strong></span> 
     </span>
     <span class='ocr_line' id='line_1_18' title="bbox 321 1229 1834 1290; baseline -0.001 -14"><span class='ocrx_word' id='word_1_139' title='bbox 321 1233 478 1277; x_wconf 87' lang='lat' dir='ltr'><strong>incuria</strong></span> <span class='ocrx_word' id='word_1_140' title='bbox 496 1230 680 1274; x_wconf 89' lang='lat' dir='ltr'><strong>hominis</strong></span> <span class='ocrx_word' id='word_1_141' title='bbox 701 1232 805 1273; x_wconf 87' lang='lat' dir='ltr'><strong>intra</strong></span> <span class='ocrx_word' id='word_1_142' title='bbox 821 1232 987 1274; x_wconf 87' lang='lat' dir='ltr'><strong>tertium</strong></span> <span class='ocrx_word' id='word_1_143' title='bbox 1005 1229 1191 1273; x_wconf 86' lang='lat' dir='ltr'><strong>mensem</strong></span> <span class='ocrx_word' id='word_1_144' title='bbox 1202 1233 1335 1288; x_wconf 90' lang='lat' dir='ltr'><strong>periit.</strong></span> <span class='ocrx_word' id='word_1_145' title='bbox 1395 1233 1539 1274; x_wconf 88' lang='lat' dir='ltr'><strong>Balatu</strong></span> <span class='ocrx_word' id='word_1_146' title='bbox 1559 1234 1715 1290; x_wconf 84' lang='lat' dir='ltr'><strong>agnino</strong></span> <span class='ocrx_word' id='word_1_147' title='bbox 1732 1232 1834 1281; x_wconf 80' lang='lat' dir='ltr'><strong>fere,</strong></span> 
     </span>
     <span class='ocr_line' id='line_1_19' title="bbox 322 1287 1836 1350; baseline -0.001 -16"><span class='ocrx_word' id='word_1_148' title='bbox 322 1291 394 1335; x_wconf 84' lang='lat' dir='ltr'><strong>sed</strong></span> <span class='ocrx_word' id='word_1_149' title='bbox 414 1291 633 1349; x_wconf 86' lang='lat' dir='ltr'><strong>graviore,</strong></span> <span class='ocrx_word' id='word_1_150' title='bbox 650 1301 827 1331; x_wconf 86' lang='lat' dir='ltr'><strong>matrem</strong></span> <span class='ocrx_word' id='word_1_151' title='bbox 851 1303 1004 1331; x_wconf 90' lang='lat' dir='ltr'><strong>vocare</strong></span> <span class='ocrx_word' id='word_1_152' title='bbox 1023 1287 1198 1337; x_wconf 86' lang='lat' dir='ltr'><strong>solebat,</strong></span> <span class='ocrx_word' id='word_1_153' title='bbox 1239 1288 1284 1331; x_wconf 68' lang='grc' dir='ltr'>ἀ</span> <span class='ocrx_word' id='word_1_154' title='bbox 1304 1291 1479 1332; x_wconf 85' lang='lat' dir='ltr'><strong>vaccino</strong></span> <span class='ocrx_word' id='word_1_155' title='bbox 1498 1287 1606 1333; x_wconf 59' lang='lat' dir='ltr'><strong>lacte</strong></span> <span class='ocrx_word' id='word_1_156' title='bbox 1627 1291 1836 1350; x_wconf 86' lang='lat' dir='ltr'><strong>variisque</strong></span> 
     </span>
     <span class='ocr_line' id='line_1_20' title="bbox 320 1346 1261 1405; baseline -0.005 -12"><span class='ocrx_word' id='word_1_157' title='bbox 320 1348 485 1397; x_wconf 86' lang='lat' dir='ltr'><strong>herbis,</strong></span> <span class='ocrx_word' id='word_1_158' title='bbox 514 1348 615 1390; x_wconf 91' lang='lat' dir='ltr'><strong>dum</strong></span> <span class='ocrx_word' id='word_1_159' title='bbox 649 1346 845 1405; x_wconf 80' lang='lat' dir='ltr'><strong>superstes</strong></span> <span class='ocrx_word' id='word_1_160' title='bbox 866 1346 962 1395; x_wconf 80' lang='lat' dir='ltr'><strong>fuit,</strong></span> <span class='ocrx_word' id='word_1_161' title='bbox 993 1346 1261 1389; x_wconf 83' lang='lat' dir='ltr'><strong>nutriebatur.</strong></span> 
     </span>
    </p>

    <p class='ocr_par' dir='ltr' id='par_1_4' title="bbox 321 1402 1893 1928">
     <span class='ocr_line' id='line_1_21' title="bbox 441 1402 1834 1454; baseline -0.001 -6"><span class='ocrx_word' id='word_1_162' title='bbox 441 1407 597 1448; x_wconf 85' lang='lat' dir='ltr'><strong>Nonne</strong></span> <span class='ocrx_word' id='word_1_163' title='bbox 613 1417 753 1447; x_wconf 83' lang='lat' dir='ltr'><strong>autern</strong></span> <span class='ocrx_word' id='word_1_164' title='bbox 772 1406 926 1446; x_wconf 87' lang='lat' dir='ltr'><strong>mirum</strong></span> <span class='ocrx_word' id='word_1_165' title='bbox 943 1404 1075 1447; x_wconf 87' lang='lat' dir='ltr'><strong>videri</strong></span> <span class='ocrx_word' id='word_1_166' title='bbox 1096 1403 1249 1447; x_wconf 83' lang='lat' dir='ltr'><strong>debeat</strong></span> <span class='ocrx_word' id='word_1_167' title='bbox 1264 1402 1505 1453; x_wconf 85' lang='lat' dir='ltr'><strong>hominem,</strong></span> <span class='ocrx_word' id='word_1_168' title='bbox 1531 1406 1735 1454; x_wconf 88' lang='lat' dir='ltr'><strong>amoenis,</strong></span> <span class='ocrx_word' id='word_1_169' title='bbox 1759 1406 1834 1447; x_wconf 91' lang='lat' dir='ltr'><strong>mi-</strong></span> 
     </span>
     <span class='ocr_line' id='line_1_22' title="bbox 323 1461 1836 1521; baseline -0.002 -13"><span class='ocrx_word' id='word_1_170' title='bbox 323 1463 473 1509; x_wconf 80' lang='lat' dir='ltr'><strong>tiffimo</strong></span> <span class='ocrx_word' id='word_1_171' title='bbox 508 1462 578 1506; x_wconf 78' lang='lat' dir='ltr'><strong>sub</strong></span> <span class='ocrx_word' id='word_1_172' title='bbox 611 1463 796 1509; x_wconf 87' lang='lat' dir='ltr'><strong>climate,</strong></span> <span class='ocrx_word' id='word_1_173' title='bbox 841 1461 1134 1521; x_wconf 78' lang='lat' dir='ltr'><strong>frugiferisque</strong></span> <span class='ocrx_word' id='word_1_174' title='bbox 1165 1463 1266 1504; x_wconf 85' lang='lat' dir='ltr'><strong>lucis</strong></span> <span class='ocrx_word' id='word_1_175' title='bbox 1305 1464 1527 1520; x_wconf 75' lang='lat' dir='ltr'><strong>praecipue</strong></span> <span class='ocrx_word' id='word_1_176' title='bbox 1565 1463 1836 1521; x_wconf 80' lang='lat' dir='ltr'><strong>gaudentem,</strong></span> 
     </span>
     <span class='ocr_line' id='line_1_23' title="bbox 322 1519 1833 1584; baseline -0.001 -19"><span class='ocrx_word' id='word_1_177' title='bbox 322 1523 536 1584; x_wconf 87' lang='lat' dir='ltr'><strong>quondam</strong></span> <span class='ocrx_word' id='word_1_178' title='bbox 566 1523 606 1562; x_wconf 88' lang='lat' dir='ltr'><strong>in</strong></span> <span class='ocrx_word' id='word_1_179' title='bbox 634 1520 885 1563; x_wconf 85' lang='lat' dir='ltr'><strong>domesticos</strong></span> <span class='ocrx_word' id='word_1_180' title='bbox 913 1519 1004 1563; x_wconf 88' lang='lat' dir='ltr'><strong>usus</strong></span> <span class='ocrx_word' id='word_1_181' title='bbox 1038 1520 1271 1562; x_wconf 80' lang='lat' dir='ltr'><strong>domandas</strong></span> <span class='ocrx_word' id='word_1_182' title='bbox 1299 1520 1425 1568; x_wconf 81' lang='lat' dir='ltr'><strong>feras,</strong></span> <span class='ocrx_word' id='word_1_183' title='bbox 1465 1523 1623 1578; x_wconf 63' lang='lat' dir='ltr'><strong>(Tapras</strong></span> <span class='ocrx_word' id='word_1_184' title='bbox 1639 1521 1833 1579; x_wconf 86' lang='lat' dir='ltr'><strong>alpicolas</strong></span> 
     </span>
     <span class='ocr_line' id='line_1_24' title="bbox 322 1576 1835 1635; baseline -0.002 -11"><span class='ocrx_word' id='word_1_185' title='bbox 322 1593 364 1624; x_wconf 85' lang='lat' dir='ltr'><strong>at</strong></span> <span class='ocrx_word' id='word_1_186' title='bbox 396 1595 447 1623; x_wconf 88' lang='lat' dir='ltr'><strong>ue</strong></span> <span class='ocrx_word' id='word_1_187' title='bbox 473 1577 767 1626; x_wconf 59' lang='lat' dir='ltr'><strong>Muffiionem,</strong></span> <span class='ocrx_word' id='word_1_188' title='bbox 804 1584 935 1620; x_wconf 83' lang='lat' dir='ltr'><strong>arduo</strong></span> <span class='ocrx_word' id='word_1_189' title='bbox 963 1576 1104 1621; x_wconf 86' lang='lat' dir='ltr'><strong>labore</strong></span> <span class='ocrx_word' id='word_1_190' title='bbox 1128 1577 1357 1635; x_wconf 83' lang='lat' dir='ltr'><strong>asperrimis</strong></span> <span class='ocrx_word' id='word_1_191' title='bbox 1386 1593 1409 1620; x_wconf 89' lang='lat' dir='ltr'><strong>e</strong></span> <span class='ocrx_word' id='word_1_192' title='bbox 1433 1577 1648 1621; x_wconf 87' lang='lat' dir='ltr'><strong>montibus</strong></span> <span class='ocrx_word' id='word_1_193' title='bbox 1671 1577 1835 1621; x_wconf 84' lang='lat' dir='ltr'><strong>accersi-</strong></span> 
     </span>
     <span class='ocr_line' id='line_1_25' title="bbox 322 1596 1835 1694; baseline -0.002 -12"><span class='ocrx_word' id='word_1_194' title='bbox 322 1596 515 1682; x_wconf 65' lang='lat' dir='ltr'><strong>vill&#39;eS-</strong></span> <span class='ocrx_word' id='word_1_195' title='bbox 556 1634 694 1679; x_wconf 81' lang='lat' dir='ltr'><strong>Posset</strong></span> <span class='ocrx_word' id='word_1_196' title='bbox 722 1635 820 1679; x_wconf 88' lang='lat' dir='ltr'><strong>hinc</strong></span> <span class='ocrx_word' id='word_1_197' title='bbox 843 1637 988 1694; x_wconf 87' lang='lat' dir='ltr'><strong>aliquis</strong></span> <span class='ocrx_word' id='word_1_198' title='bbox 1021 1637 1235 1694; x_wconf 83' lang='lat' dir='ltr'><strong>ingerere:</strong></span> <span class='ocrx_word' id='word_1_199' title='bbox 1278 1634 1515 1677; x_wconf 85' lang='lat' dir='ltr'><strong>confirmari</strong></span> <span class='ocrx_word' id='word_1_200' title='bbox 1550 1651 1603 1678; x_wconf 88' lang='lat' dir='ltr'><strong>eo</strong></span> <span class='ocrx_word' id='word_1_201' title='bbox 1638 1637 1835 1694; x_wconf 87' lang='lat' dir='ltr'><strong>primige-</strong></span> 
     </span>
     <span class='ocr_line' id='line_1_26' title="bbox 322 1692 1831 1753; baseline -0.002 -14"><span class='ocrx_word' id='word_1_202' title='bbox 322 1698 438 1740; x_wconf 84' lang='lat' dir='ltr'><strong>nium</strong></span> <span class='ocrx_word' id='word_1_203' title='bbox 456 1695 610 1738; x_wconf 85' lang='lat' dir='ltr'><strong>telluris</strong></span> <span class='ocrx_word' id='word_1_204' title='bbox 624 1694 793 1739; x_wconf 86' lang='lat' dir='ltr'><strong>statum,</strong></span> <span class='ocrx_word' id='word_1_205' title='bbox 824 1695 893 1737; x_wconf 90' lang='lat' dir='ltr'><strong>vel</strong></span> <span class='ocrx_word' id='word_1_206' title='bbox 910 1694 1104 1736; x_wconf 83' lang='lat' dir='ltr'><strong>seriorem</strong></span> <span class='ocrx_word' id='word_1_207' title='bbox 1120 1693 1299 1753; x_wconf 76' lang='lat' dir='ltr'><strong>aliquam</strong></span> <span class='ocrx_word' id='word_1_208' title='bbox 1321 1692 1630 1751; x_wconf 77' lang='lat' dir='ltr'><strong>catastrophen,</strong></span> <span class='ocrx_word' id='word_1_209' title='bbox 1662 1694 1831 1752; x_wconf 89' lang='lat' dir='ltr'><strong>quando</strong></span> 
     </span>
     <span class='ocr_line' id='line_1_27' title="bbox 321 1750 1835 1815; baseline -0.01 -18"><span class='ocrx_word' id='word_1_210' title='bbox 321 1753 394 1797; x_wconf 88' lang='lat' dir='ltr'><strong>soli</strong></span> <span class='ocrx_word' id='word_1_211' title='bbox 422 1753 613 1812; x_wconf 88' lang='lat' dir='ltr'><strong>alpestres</strong></span> <span class='ocrx_word' id='word_1_212' title='bbox 629 1752 785 1796; x_wconf 63' lang='lat' dir='ltr'><strong>tractus</strong></span> <span class='ocrx_word' id='word_1_213' title='bbox 806 1756 986 1811; x_wconf 86' lang='lat' dir='ltr'><strong>jugaque</strong></span> <span class='ocrx_word' id='word_1_214' title='bbox 1009 1752 1216 1793; x_wconf 89' lang='lat' dir='ltr'><strong>montium</strong></span> <span class='ocrx_word' id='word_1_215' title='bbox 1235 1752 1275 1792; x_wconf 91' lang='lat' dir='ltr'><strong>in</strong></span> <span class='ocrx_word' id='word_1_216' title='bbox 1297 1750 1401 1792; x_wconf 87' lang='lat' dir='ltr'><strong>sicco</strong></span> <span class='ocrx_word' id='word_1_217' title='bbox 1425 1750 1560 1799; x_wconf 74' lang='lat' dir='ltr'><strong>luere,</strong></span> <span class='ocrx_word' id='word_1_218' title='bbox 1592 1751 1749 1815; x_wconf 88' lang='lat' dir='ltr'><strong>reliqua</strong></span> <span class='ocrx_word' id='word_1_219' title='bbox 1765 1766 1835 1809; x_wconf 90' lang='lat' dir='ltr'><strong>pe-</strong></span> 
     </span>
     <span class='ocr_line' id='line_1_28' title="bbox 323 1806 1836 1872; baseline -0.003 -18"><span class='ocrx_word' id='word_1_220' title='bbox 323 1812 440 1872; x_wconf 82' lang='lat' dir='ltr'><strong>lagus</strong></span> <span class='ocrx_word' id='word_1_221' title='bbox 456 1812 608 1860; x_wconf 88' lang='lat' dir='ltr'><strong>tenuit,</strong></span> <span class='ocrx_word' id='word_1_222' title='bbox 654 1815 765 1864; x_wconf 68' lang='lat' dir='ltr'><strong>quus</strong></span> <span class='ocrx_word' id='word_1_223' title='bbox 791 1810 982 1868; x_wconf 85' lang='lat' dir='ltr'><strong>planities</strong></span> <span class='ocrx_word' id='word_1_224' title='bbox 1009 1808 1165 1867; x_wconf 79' lang='lat' dir='ltr'><strong>ubique</strong></span> <span class='ocrx_word' id='word_1_225' title='bbox 1189 1808 1361 1866; x_wconf 78' lang='lat' dir='ltr'><strong>vestigia</strong></span> <span class='ocrx_word' id='word_1_226' title='bbox 1394 1806 1537 1849; x_wconf 84' lang='lat' dir='ltr'><strong>servat.</strong></span> <span class='ocrx_word' id='word_1_227' title='bbox 1610 1808 1694 1850; x_wconf 62' lang='lat' dir='ltr'><strong>ixih</strong></span> <span class='ocrx_word' id='word_1_228' title='bbox 1721 1810 1836 1851; x_wconf 90' lang='lat' dir='ltr'><strong>enim</strong></span> 
     </span>
     <span class='ocr_line' id='line_1_29' title="bbox 322 1865 1893 1928; baseline -0.002 -17"><span class='ocrx_word' id='word_1_229' title='bbox 322 1868 534 1914; x_wconf 85' lang='lat' dir='ltr'><strong>neceffitas</strong></span> <span class='ocrx_word' id='word_1_230' title='bbox 561 1883 834 1928; x_wconf 87' lang='lat' dir='ltr'><strong>quaecunque</strong></span> <span class='ocrx_word' id='word_1_231' title='bbox 857 1867 1078 1909; x_wconf 84' lang='lat' dir='ltr'><strong>hominem</strong></span> <span class='ocrx_word' id='word_1_232' title='bbox 1103 1865 1341 1924; x_wconf 77' lang='lat' dir='ltr'><strong>alpestribus</strong></span> <span class='ocrx_word' id='word_1_233' title='bbox 1370 1865 1466 1907; x_wconf 77' lang='lat' dir='ltr'><strong>feris</strong></span> <span class='ocrx_word' id='word_1_234' title='bbox 1493 1866 1740 1909; x_wconf 88' lang='lat' dir='ltr'><strong>viciniorem</strong></span> <span class='ocrx_word' id='word_1_235' title='bbox 1767 1866 1835 1908; x_wconf 89' lang='lat' dir='ltr'><strong>ali·</strong></span> <span class='ocrx_word' id='word_1_236' title='bbox 1890 1914 1893 1919; x_wconf 45' lang='grc'>,</span> 
     </span>
    </p>

    <p class='ocr_par' dir='ltr' id='par_1_5' title="bbox 324 1921 1837 2253">
     <span class='ocr_line' id='line_1_30' title="bbox 355 1921 1836 1982; baseline -0.002 -12"><span class='ocrx_word' id='word_1_237' title='bbox 355 1928 493 1970; x_wconf 83' lang='lat' dir='ltr'><strong>nando</strong></span> <span class='ocrx_word' id='word_1_238' title='bbox 522 1923 778 1973; x_wconf 67' lang='lat' dir='ltr'><strong>reddidill&#39;et,</strong></span> <span class='ocrx_word' id='word_1_239' title='bbox 814 1923 1160 1982; x_wconf 85' lang='lat' dir='ltr'><strong>occasionemque</strong></span> <span class='ocrx_word' id='word_1_240' title='bbox 1185 1921 1430 1981; x_wconf 58' lang='lat' dir='ltr'><strong>pmcbuisffic</strong></span> <span class='ocrx_word' id='word_1_241' title='bbox 1457 1923 1641 1965; x_wconf 76' lang='lat' dir='ltr'><strong>educatis</strong></span> <span class='ocrx_word' id='word_1_242' title='bbox 1668 1924 1836 1967; x_wconf 88' lang='lat' dir='ltr'><strong>Hoedis</strong></span> 
     </span>
     <span class='ocr_line' id='line_1_31' title="bbox 324 1943 1836 2044; baseline -0.002 -17"><span class='ocrx_word' id='word_1_243' title='bbox 324 1943 368 2030; x_wconf 59' lang='grc' dir='ltr'><strong>ἒι</strong></span> <span class='ocrx_word' id='word_1_244' title='bbox 388 1986 522 2044; x_wconf 87' lang='lat' dir='ltr'><strong>Agnis</strong></span> <span class='ocrx_word' id='word_1_245' title='bbox 543 1983 639 2026; x_wconf 83' lang='lat' dir='ltr'><strong>feris</strong></span> <span class='ocrx_word' id='word_1_246' title='bbox 657 1983 841 2040; x_wconf 88' lang='lat' dir='ltr'><strong>pecudes</strong></span> <span class='ocrx_word' id='word_1_247' title='bbox 861 1980 1024 2024; x_wconf 89' lang='lat' dir='ltr'><strong>sibimet</strong></span> <span class='ocrx_word' id='word_1_248' title='bbox 1040 1981 1303 2029; x_wconf 72' lang='lat' dir='ltr'><strong>adl&#39;cil&#39;cendi3</strong></span> <span class='ocrx_word' id='word_1_249' title='bbox 1336 1981 1474 2038; x_wconf 81' lang='lat' dir='ltr'><strong>potius</strong></span> <span class='ocrx_word' id='word_1_250' title='bbox 1494 1995 1518 2023; x_wconf 88' lang='lat' dir='ltr'><strong>a</strong></span> <span class='ocrx_word' id='word_1_251' title='bbox 1540 1980 1836 2039; x_wconf 86' lang='lat' dir='ltr'><strong>campestribus</strong></span> 
     </span>
     <span class='ocr_line' id='line_1_32' title="bbox 324 2035 1837 2099; baseline -0.004 -12"><span class='ocrx_word' id='word_1_252' title='bbox 324 2044 442 2091; x_wconf 85' lang='lat' dir='ltr'><strong>feris,</strong></span> <span class='ocrx_word' id='word_1_253' title='bbox 481 2040 772 2098; x_wconf 84' lang='lat' dir='ltr'><strong>Antilopibus,</strong></span> <span class='ocrx_word' id='word_1_254' title='bbox 829 2039 1000 2087; x_wconf 88' lang='lat' dir='ltr'><strong>Cervis,</strong></span> <span class='ocrx_word' id='word_1_255' title='bbox 1053 2037 1334 2099; x_wconf 80' lang='lat' dir='ltr'><strong>similibusque</strong></span> <span class='ocrx_word' id='word_1_256' title='bbox 1382 2035 1593 2096; x_wconf 84' lang='lat' dir='ltr'><strong>incepisset</strong></span> <span class='ocrx_word' id='word_1_257' title='bbox 1631 2038 1837 2088; x_wconf 85' lang='lat' dir='ltr'><strong>industria,</strong></span> 
     </span>
     <span class='ocr_line' id='line_1_33' title="bbox 353 2095 1835 2158; baseline -0.005 -13"><span class='ocrx_word' id='word_1_258' title='bbox 353 2117 498 2145; x_wconf 86' lang='lat' dir='ltr'><strong>uarum</strong></span> <span class='ocrx_word' id='word_1_259' title='bbox 527 2100 749 2158; x_wconf 83' lang='lat' dir='ltr'><strong>pleraeque</strong></span> <span class='ocrx_word' id='word_1_260' title='bbox 770 2097 924 2156; x_wconf 81' lang='lat' dir='ltr'><strong>species</strong></span> <span class='ocrx_word' id='word_1_261' title='bbox 953 2097 1038 2154; x_wconf 88' lang='lat' dir='ltr'><strong>pari</strong></span> <span class='ocrx_word' id='word_1_262' title='bbox 1066 2096 1262 2155; x_wconf 65' lang='lat' dir='ltr'><strong>facilitate</strong></span> <span class='ocrx_word' id='word_1_263' title='bbox 1291 2096 1512 2139; x_wconf 86' lang='lat' dir='ltr'><strong>familiares</strong></span> <span class='ocrx_word' id='word_1_264' title='bbox 1546 2096 1665 2139; x_wconf 88' lang='lat' dir='ltr'><strong>reddi</strong></span> <span class='ocrx_word' id='word_1_265' title='bbox 1688 2095 1835 2154; x_wconf 89' lang='lat' dir='ltr'><strong>potuis-</strong></span> 
     </span>
     <span class='ocr_line' id='line_1_34' title="bbox 324 2119 1836 2213; baseline -0.007 -8"><span class='ocrx_word' id='word_1_266' title='bbox 324 2119 433 2211; x_wconf 48' lang='lat' dir='ltr'><strong>fient,</strong></span> <span class='ocrx_word' id='word_1_267' title='bbox 467 2157 600 2202; x_wconf 80' lang='lat' dir='ltr'><strong>forsan</strong></span> <span class='ocrx_word' id='word_1_268' title='bbox 623 2172 709 2200; x_wconf 86' lang='lat' dir='ltr'><strong>non</strong></span> <span class='ocrx_word' id='word_1_269' title='bbox 736 2157 888 2199; x_wconf 84' lang='lat' dir='ltr'><strong>minori</strong></span> <span class='ocrx_word' id='word_1_270' title='bbox 912 2171 1008 2199; x_wconf 86' lang='lat' dir='ltr'><strong>cum</strong></span> <span class='ocrx_word' id='word_1_271' title='bbox 1041 2153 1196 2199; x_wconf 67' lang='lat' dir='ltr'><strong>fructu:</strong></span> <span class='ocrx_word' id='word_1_272' title='bbox 1238 2155 1420 2199; x_wconf 85' lang='lat' dir='ltr'><strong>culturae</strong></span> <span class='ocrx_word' id='word_1_273' title='bbox 1438 2153 1588 2198; x_wconf 87' lang='lat' dir='ltr'><strong>scilicet</strong></span> <span class='ocrx_word' id='word_1_274' title='bbox 1604 2155 1836 2213; x_wconf 89' lang='lat' dir='ltr'><strong>mangonio</strong></span> 
     </span>
     <span class='ocr_line' id='line_1_35' title="bbox 1794 2227 1834 2253; baseline 0 0"><span class='ocrx_word' id='word_1_275' title='bbox 1794 2227 1834 2253; x_wconf 91' lang='grc' dir='ltr'><strong>ιιι</strong></span> 
     </span>
    </p>
   </div>
  </div>
 </body>
</html>
