2032 2732
773 195 930 254 'sas-5
1014 198 1160 250 (22)
1245 189 1411 254 2252

302 290 478 349 iigidum
493 292 587 349 gelu
606 293 795 349 expansas
816 296 979 348 siccant,
1009 295 1099 338 dein
1116 295 1300 338 manibus
1327 308 1461 338 terunt
1486 296 1527 338 ὅτ
1545 293 1732 347 t'raRant,
1764 296 1873 339 unde

301 350 980 404 fiuntmolliffiniae&nitidiffimae,
1009 351 1255 409 sericumque
1269 367 1448 408 pannum
1468 351 1551 394 fere
1566 353 1816 394 aemulantur
1831 354 1874 395 &

303 419 378 460 pro
395 407 550 448 aestivis
568 407 744 449 vestibus
763 407 896 450 consui
917 407 1052 454 solent.
1111 409 1301 452 Plurimas
1313 412 1350 450 in
1363 411 1549 465 proprios
1561 408 1650 450 usus
1663 410 1875 464 Europaeo

302 463 383 505 five
402 464 536 505 Samio
555 478 689 515 more,
717 478 801 519 quo
818 467 1002 507 cervinae
1025 479 1215 521 parantur
1236 467 1359 522 pelles
1385 464 1602 522 <fiimzfi‘h),
1645 467 1875 521 praeparari

303 517 410 571 juffi,
439 520 867 575 quarumadmirabilis
883 522 1070 564 omnibus
1090 521 1167 563 vila
1195 524 1249 565 est
1271 523 1473 573 mollitieS,
1501 522 1728 564 teneritudo
1755 536 1877 578 atque

305 577 540 641 eittenfflitas
566 577 739 630 summa,
777 579 925 634 quibus
960 579 1256 635 Capreolorum
1282 580 1574 635 pulcherrimas
1608 578 1731 635 pelles
1756 580 1878 635 longe

304 645 481 674 vinctmt.

419 706 500 747 Vix
516 719 743 750 memoratu
760 707 907 763 dignus
927 708 982 749 est
1007 706 1100 749 usus
1127 707 1295 750 dentium
1319 701 1578 763 exsertorccm,
1617 708 1765 764 quibus
1784 721 1878 750 non-

305 761 403 803 nulli
422 776 497 818 pro
513 761 660 804 subulis
680 763 730 805 ad
747 763 991 806 consuendas
1010 767 1198 805 manticas
1217 778 1398 805 utuntur.
1433 765 1676 818 Praecipuus
1695 779 1792 807 vero
1803 764 1884 806 fru-

306 817 416 870 &uS,
447 833 570 874 quem
593 833 802 862 venatores
830 836 879 863 ex
900 821 977 861 hoc
1003 821 1240 861 animalculo
1267 823 1451 874 capiunt,
1482 822 1520 862 in
1535 820 1712 876 folliculo
1742 822 1782 863 &
1805 835 1884 863 mo-

299 873 488 931 schif'ero,
519 889 642 930 quem
661 890 743 917 mas
763 875 865 917 solus
886 876 1005 917 habet
1025 877 1066 917 δί
1090 877 1140 917 de
1164 876 1279 929 cujus
1305 889 1445 918 natura
1472 877 1593 930 paulo
1610 875 1734 918 fufius
1751 877 1881 919 dicen-

307 931 407 1029 (ἐμω
425 933 498 1028 εὲὶ,
531 945 657 1028 qffi'm
676 933 719 974 sit
735 946 829 988 pars
847 934 1023 975 animalis
1039 946 1183 987 parum
1202 932 1309 975 reete
1319 933 1552 976 adhucdum
1574 934 1788 988 cognita&
1805 948 1883 976 me-

340 1002 398 1030 ico
416 1002 442 1028 u
463 1002 487 1028 u
505 1001 557 1029 no
589 1001 671 1030 11ss

328 1103 330 1106 ,
422 1059 489 1102 Est
503 1073 638 1102 autem
647 1059 843 1117 folliculus
859 1060 1037 1113 Moschi,
1068 1060 1182 1114 cujus
1200 1061 1440 1104 strueturam
1457 1062 1498 1103 &
1514 1062 1630 1103 situm
1646 1062 1696 1104 ad
1714 1075 1885 1118 praepu-

310 1117 349 1158 tii
367 1118 562 1159 orificium
578 1117 699 1170 infra,
731 1120 771 1158 in
790 1119 1060 1169 Anatornicis,
1088 1119 1196 1160 omni
1215 1126 1311 1160 cura
1336 1116 1502 1173 exposui
1524 1119 1786 1174 iconibusque
1805 1120 1885 1161 illu-

311 1173 446 1225 stravi,
474 1188 556 1216 non
573 1174 673 1216 adeo
690 1173 839 1216 insolita
857 1177 894 1216 in
912 1174 1146 1217 animalibus
1161 1175 1221 1218 vel
1241 1176 1318 1217 sine
1328 1175 1515 1229 exemplo
1533 1174 1694 1218 fabrica.
1725 1177 1885 1218 Etenim

312 1230 351 1270 in
374 1229 782 1289 AntiIopegutturqfa,
807 1245 927 1287 quam
953 1231 1157 1286 descripsi,
1191 1233 1428 1274 simillimum
1454 1231 1605 1284 forma,
1634 1233 1706 1274 situ
1734 1234 1775 1274 &
1800 1232 1888 1274 sub·

310 1287 466 1338 stantia,
498 1290 620 1330 immo
638 1288 895 1342 ampliorem,
927 1287 990 1330 sed
1010 1302 1185 1329 vacuum
1211 1287 1433 1330 folliculum
1461 1288 1511 1329 ad
1538 1292 1791 1344 praeputium
1808 1303 1886 1331 ma-

311 1345 364 1383 ris
374 1345 540 1385 inveniri
550 1344 666 1386 docui
678 1359 689 1399 3
699 1344 740 1386 8<
750 1345 758 1385 i
764 1359 788 1386 n
797 1345 877 1386 aliis
886 1344 991 1387 forte
1003 1344 1219 1400 speciebus,
1231 1345 1257 1386 fi
1267 1345 1464 1387 adtentius
1475 1347 1709 1400 inquiratur,
1719 1348 1888 1401 analoga

312 1402 537 1455 reperietur
552 1400 761 1444 strufi'tura.
821 1402 977 1444 Deinde
987 1415 1084 1444 vero
1096 1414 1206 1443 extra
1215 1402 1512 1449 Ruminantium
1524 1402 1703 1444 ordinem
1718 1401 1890 1445 subsimi-

314 1457 392 1498 lem
411 1460 448 1498 in
468 1460 585 1499 variis
602 1457 838 1500 animalibus
866 1457 1138 1503 observamus,
1198 1459 1241 1499 In
1270 1457 1439 1501 Gliribas
1463 1459 1673 1513 glandulae
1702 1459 1890 1501 follicula-

317 1528 410 1554 ceae
431 1513 545 1556 binae
567 1517 778 1570 praeputio
796 1515 995 1568 adfident,
1022 1517 1139 1556 etiam
1158 1513 1315 1556 feminis
1332 1516 1493 1569 genitali
1515 1515 1608 1556 linui
1626 1518 1815 1571 utrinque
1825 1516 1890 1557 ad-

316 1571 484 1625 positae,
511 1585 613 1626 quae
633 1584 815 1626 tempore
835 1572 949 1614 oestri
969 1571 1210 1627 quibusdam
1231 1571 1399 1613 odorem
1428 1570 1675 1615 mosciiatum
1694 1574 1888 1628 insignem

316 1626 492 1669 fundunt
508 1628 566 1680 ⁴³),
598 1641 854 1684 quarumque
869 1632 999 1670 vicem
1018 1631 1056 1669 in
1071 1629 1151 1669 aliis
1169 1628 1402 1669 animalibus
1430 1629 1615 1683 lupplent
1644 1630 1748 1670 sinus
1764 1643 1889 1671 exter-

315 1698 388 1725 nae
405 1684 549 1726 vulvae
566 1684 800 1739 glandulosi,
820 1685 862 1727 δε
878 1685 1091 1741 glandulae
1118 1688 1156 1726 in
1181 1685 1357 1727 maribus
1381 1683 1566 1726 sebaceae
1594 1689 1803 1740 praeputio
1828 1687 1889 1727 vel

316 1740 451 1796 glandi
471 1741 891 1796 impofitae,omnibus
901 1742 1090 1784 odoratae
1106 1754 1228 1797 atque
1237 1744 1481 1783 irritamento
1497 1743 1655 1783 veneris
1685 1742 1744 1783 vel
1771 1741 1890 1783 lubri-

318 1796 446 1839 cando
465 1797 685 1853 congreffui
705 1798 925 1840 destinatae.
987 1799 1234 1853 propiorem,
1252 1800 1334 1839 imo
1363 1800 1587 1852 proximam
1608 1812 1657 1838 ex
1684 1798 1744 1838 his
1761 1799 1890 1839 analo-

319 1856 426 1909 giam
442 1868 535 1896 cum
553 1853 720 1896 Moscho
740 1855 919 1909 produnt
942 1852 1134 1909 Castores,
1166 1868 1342 1909 quorum
1362 1853 1524 1894 folliculi
1545 1853 1746 1906 medicati,
1779 1869 1889 1909 prae-

320 1923 380 1952 ter
397 1910 593 1952 binarium
611 1925 827 1952 numerum
845 1913 885 1953 ἃ*
903 1912 1014 1966 quod
1031 1924 1220 1965 apertura
1245 1913 1346 1951 intra
1372 1912 1628 1964 praeputium
1649 1912 1770 1963 hiant,
1788 1913 1850 1953 vix
1868 1925 1892 1954 a

320 1965 570 2007 Moschiseris
588 1965 785 2008 differunt.
845 1968 1011 2008 Habent
1027 1979 1173 2021 nempe
1184 1966 1369 2007 Castores
1388 1968 1567 2020 primum
1578 1962 1775 2009 folliculos
1785 1968 1893 2023 glan-

322 2021 502 2075 dulosos,
534 2022 651 2077 adipe
669 2023 907 2075 tenuiffima,
937 2023 1184 2064 confistentia
1205 2021 1424 2074 anserinae,
1454 2023 1581 2064 odore
1598 2021 1725 2066 ferme
1742 2025 1816 2067 olei
1829 2025 1892 2066 ba-

321 2079 477 2132 laeuae,
504 2079 554 2120 ad
573 2081 709 2134 ignem
725 2080 943 2135 crepitante
961 2078 1144 2134 turgidos
1157 2111 1168 2132 ‚
1198 2080 1268 2135 qui
1285 2080 1514 2121 memoratis
1525 2079 1722 2135 glandulis
1731 2081 1894 2137 glirium

1770 2137 1897 2193 plero-

385 2227 420 2264 “)
444 2224 528 2256 Tales
546 2227 575 2254 in
592 2225 708 2256 Castore
725 2225 889 2265 muscham,
905 2228 1075 2256 amerieano
1091 2224 1237 2265 descripfit
1254 2227 1455 2256 SARRAzmus
1466 2227 1642 2260 AHJarifin.
1655 2238 1695 2257 ao.
1709 2237 1785 2262 ¹725.
1801 2227 1897 2259 &rub

451 2277 550 2306 nores,
567 2267 611 2296 sud
630 2268 785 2298 moschum
801 2267 969 2299 redolentes
988 2270 1019 2298 in
1036 2269 1122 2298 variis
1138 2269 1272 2298 murium
1280 2268 1488 2310 campestrium
1503 2267 1652 2309 speciebus
1661 2267 1721 2309 ipse
1730 2268 1896 2304 observavi.
