2032 2732
600 224 756 287 ἒὴέἓ
839 228 978 281 (15)
1064 223 1219 284 2420&

122 329 349 386 porre&aS‚
378 326 563 369 moschus
581 326 750 382 speciem
770 327 1008 380 propagavit
1032 337 1152 380 atque
1177 339 1200 367 a
1218 324 1421 367 montibus
1447 322 1616 366 borealis
1633 321 1691 365 In·

124 387 211 428 diae
229 385 483 440 limstrophis,
509 398 638 438 usque
655 386 692 423 in
709 381 881 423 Cbinam
899 383 939 424 &
957 382 1142 424 Sibiriam
1155 381 1386 424 orientalem
1405 380 1602 433 abundat,
1631 381 1696 423 cli·

122 457 229 485 mate
247 457 267 483 a
287 442 487 497 trigesimo
504 445 540 494 *)
568 439 651 481 fere
668 439 772 480 ultra
791 436 1076 494 sexagesimum
1093 439 1306 481 latitudinis
1333 439 1501 480 borealis
1520 436 1695 493 gradum

123 498 304 550 extenso,
334 497 446 550 cujus
469 510 597 538 tamen
614 497 850 550 temperiem
868 497 998 550 alpina
1018 496 1185 537 elevatio
1214 508 1377 550 aequat,
1408 495 1592 550 adeoque
1618 497 1695 535 ani-

123 557 215 598 mali
239 558 434 597 montium
462 552 702 608 frigidorum
727 554 872 592 amanti
900 551 1153 593 habitabilem
1178 552 1329 606 ubique
1355 551 1497 593 reddit.
1553 550 1695 592 Eidem

122 626 223 658 vero
241 612 291 653 ab
310 610 515 652 occidente
534 608 700 650 stadium
712 609 869 650 Natura
881 608 1014 649 clausit
1025 621 1097 663 per
1109 608 1403 659 clementiores,
1436 609 1589 662 apricas
1613 606 1696 649 Ta-

123 672 244 711 tariae
261 681 429 721 magnae
447 668 649 720 regiones,
679 679 783 720 quae
800 665 916 706 vastis
936 666 1087 719 campis
1109 664 1283 705 Alta'icas
1294 665 1402 718 alpes
1415 664 1482 716 (ad
1503 663 1696 705 Occiden-

123 739 206 768 tem
223 724 449 779 hybernum
471 723 748 778 Austrumque
766 721 989 774 tendentes)
1018 721 1068 762 ab
1088 720 1266 762 Uralenfi
1290 723 1387 774 jugo
1416 721 1697 774 disterminant,

94 823 96 825 ,
124 783 166 824 8(
183 781 302 822 sicubi
323 779 634 834 rupestritrafihi
654 793 676 820 a
697 781 933 820 continuatis
943 779 1092 833 alpium
1103 779 1390 831 promontoriis
1401 776 1696 830 exasperantur,

123 851 255 885 tamen
283 836 397 892 sylvis
424 835 512 877 sunt
538 836 731 885 nudatae,
762 849 860 890 quas
886 848 990 877 amat
1015 833 1219 877 Moschus,
1276 834 1384 874 Hinc
1410 832 1460 874 ad
1489 831 1697 874 Uralenses

122 908 280 938 montes
297 907 375 935 non
396 893 602 947 proceffit,
636 892 847 947 similisque
866 904 1151 933 montanorum
1169 888 1369 931 traPtuum
1387 892 1424 930 in
1452 888 1697 931 Baeti-imam

123 953 333 1007 regionem
353 949 548 1004 depreffio
568 950 681 990 causti
698 951 837 1003 utique
855 950 948 1000 erit,
979 961 1102 1003 quare
1120 945 1310 988 Moschus
1331 960 1411 988 non
1431 948 1471 987 in
1490 945 1621 987 Tauri
1639 944 1697 998 ju-

123 1022 176 1063 ga
195 1008 443 1063 pervenerit3
472 1018 615 1061 utpote
633 1008 700 1060 qui
717 1007 756 1045 in
776 1005 939 1047 Persidis
958 1003 1193 1059 alpestribus
1212 1016 1411 1058 nusquam
1427 1002 1556 1051 datur,
1577 1004 1696 1045 etiam

124 1064 432 1108 odoramentum
452 1063 771 1116 (TAvERNERm
791 1062 904 1114 teste)
924 1076 973 1103 ex
990 1060 1096 1103 India
1116 1059 1344 1116 petentibus
1369 1059 1491 1101 Persis
1510 1061 1575 1111 st).

237 1135 316 1177 Sed
332 1148 378 1177 ut
396 1137 501 1177 intra
526 1147 761 1190 peragratae
791 1135 887 1175 mihi
913 1133 1082 1177 Sibiriae
1106 1134 1248 1175 limites
1264 1133 1489 1175 consistam:
1523 1130 1574 1173 ab
1598 1134 1698 1173 occi-

124 1194 244 1236 dente
261 1191 515 1233 venientibus
534 1193 666 1246 primo
690 1194 865 1232 occurrit
884 1190 1075 1232 Moschus
1092 1192 1130 1231 in
1151 1189 1326 1245 Alpibus
1338 1189 1700 1244 Alta'i'cis,qua1·um

123 1250 348 1293 altissimum
365 1248 404 1288 ἃ
423 1250 515 1288 nive
538 1249 704 1301 perenni
724 1247 896 1288 candens
916 1245 1077 1288 dorsum
1095 1261 1115 1287 a
1133 1245 1311 1288 fontibus
1329 1246 1416 1287 Irtis
1438 1244 1543 1286 fluvii
1561 1243 1699 1289 versus

123 1308 206 1349 Obi
224 1305 330 1347 fluvii
350 1305 497 1358 capita,
527 1300 701 1359 indeque
717 1303 767 1344 ad
776 1302 987 1358 jeniseam,
1016 1303 1179 1345 Sibiriae
1191 1304 1484 1345 conterminum
1503 1301 1569 1343 est.
1629 1301 1700 1343 Ab

126 1378 175 1405 eo
193 1360 332 1403 versus
349 1359 657 1415 septentrionem
673 1374 872 1415 nusquam
891 1373 1080 1416 evagatur
1104 1362 1302 1402 montium
1331 1360 1563 1413 apricorum
1589 1358 1702 1399 nudi-

125 1432 248 1463 tatem
269 1419 309 1460 8(
329 1416 623 1459 succedentium
641 1430 879 1473 camporum
899 1418 1103 1473 planitiem
1120 1415 1294 1473 fugiens.
1350 1416 1617 1480 Frequentius
1638 1414 1701 1513 die-

1606 1484 1646 1512 m
1678 1486 1700 1513 e

189 1572 219 1612 ³⁸)
245 1573 486 1601 ΤΑνεκΝιεκνε
504 1569 646 1611 equidem
669 1570 770 1611 posuit
792 1569 951 1600 Moschum
968 1569 1072 1611 sponte
1087 1583 1150 1603 non
1167 1573 1243 1604 ultra
1267 1573 1323 1607 560
1339 1567 1504 1600 latitudinis
1518 1567 1554 1598 ad
1572 1568 1702 1600 austrum

253 1614 374 1650 vivere,
396 1612 442 1640 sed
459 1612 618 1641 Februario
635 1612 665 1643 ὅ(
683 1613 802 1650 Martis,
825 1611 944 1653 pabuli,
961 1622 1082 1653 propter
1104 1615 1293 1645 altitudinem
1310 1614 1407 1651 nivis,
1428 1609 1546 1640 defectu
1563 1610 1702 1641 adactum

258 1664 355 1694 usque
373 1652 409 1682 ad
425 1658 481 1690 440
496 1655 612 1693 evagari
624 1675 634 1691 ,
663 1661 751 1690 atque
777 1653 886 1693 segetes
906 1653 1095 1694 depopulari.
1162 1656 1217 1687 Sed
1240 1666 1254 1684 c
1272 1655 1444 1685 testimonio
1462 1653 1615 1682 coaetanei
1632 1652 1702 1687 Eius

253 1697 416 1725 ΒΕκΝιεκι
434 1695 544 1724 constat
560 1697 648 1724 etiam
666 1697 696 1723 in
714 1704 807 1735 regno
823 1697 1020 1724 ΚΛεεΗΕΜικ
1032 1719 1042 1735 ‚
1068 1697 1194 1727 borealis
1211 1696 1310 1727 Indiae
1327 1695 1443 1735 alpibus
1465 1695 1605 1730 (Emodum
1623 1691 1701 1724 forte

252 1745 391 1766 montem
408 1738 483 1766 Ptm
493 1746 517 1764 11
534 1736 573 1765 ibi
590 1735 850 1774 constituentibus)
865 1735 997 1777 undique
1012 1737 1127 1769 incluso
1137 1761 1148 1779 ,
1166 1737 1350 1781 inquilinum
1360 1736 1422 1766 dari
1430 1734 1587 1766 Moschum
1601 1736 1704 1772 (Γομα-

250 1789 283 1814 ge
301 1782 331 1805 de
348 1781 439 1806 mec.
456 1781 565 1805 Bermier
579 1790 613 1804 au
628 1781 717 1812 Mogol
729 1787 789 1807 tom.
806 1781 885 1812 HJJ.
901 1782 997 1814 270);
1023 1781 1137 1821 eritque
1159 1792 1191 1810 ea
1209 1790 1292 1820 regio
1314 1779 1418 1809 ultima
1440 1778 1476 1806 ad
1492 1778 1702 1816 Occidentem,

255 1829 333 1860 quae
355 1819 511 1849 Moschum
536 1819 604 1853 alit;
627 1819 663 1848 ad
686 1821 841 1849 Orientem
867 1820 1018 1860 indigirka
1037 1820 1067 1851 &
1090 1826 1183 1852 Amur
1205 1822 1308 1855 fluvii,
1330 1826 1508 1859 montesque
1525 1817 1702 1848 borealioris

253 1862 365 1891 Chinae
379 1859 414 1890 ad
432 1859 618 1890 occidentem
635 1861 737 1890 Pekini
749 1881 756 1895 ,
784 1860 836 1889 ubi
854 1862 1026 1890 Provinciae
1040 1863 1144 1892 Chenst
1158 1863 1188 1894 ἅς
1203 1861 1321 1899 Kiamfi,
1338 1863 1427 1890 etiam
1442 1862 1490 1889 ΜΛ
1499 1869 1606 1888 mimi
1624 1859 1703 1889 testi·

254 1904 363 1932 monio
374 1924 383 1940 ,
409 1901 520 1931 Moschi
540 1904 670 1931 maxime
685 1901 791 1931 feraces
802 1923 812 1940 ‚
833 1903 876 1931 uti
893 1902 1073 1935 Kaschemir,
1096 1903 1132 1933 ad
1150 1909 1203 1941 350
1219 1903 1382 1933 latitudinis
1399 1901 1497 1931 versus
1512 1901 1640 1930 austrum
1651 1911 1703 1942 pa-

254 1949 325 1973 tent.
370 1947 466 1972 Immo
484 1942 502 1972 fi
520 1954 622 1972 verua)
642 1943 691 1979 fit,
713 1942 798 1983 quod
815 1942 894 1972 idem
914 1942 995 1972 addit
1016 1944 1110 1986 (apud
1124 1948 1282 1975 chum*
1301 1948 1371 1973 Chim.
1387 1948 1427 1974 ill.
1443 1945 1519 1972 Pare.
1534 1952 1559 1975 4.
1579 1944 1702 1981 eap.7.)‚

255 1987 344 2013 etiam
359 1987 528 2014 Provincias
544 1986 679 2014 Suchuen
696 1985 724 2015 &
741 1987 883 2023 Yunnan.¹
903 1985 1088 2015 Tunkinenfi
1104 1997 1196 2027 regno
1214 1986 1369 2023 finitimas,
1386 1982 1569 2015 Moschiseris
1579 1985 1703 2013 Anima-

254 2024 333 2055 libus
348 2025 514 2058 abundare:
535 2028 588 2054 erit
606 2024 664 2055 fere
679 2036 773 2066 usque
791 2025 827 2055 ad
845 2027 1018 2063 Tropicum
1036 2028 1221 2058 extendenda
1245 2027 1366 2059 illorum
1385 2027 1487 2064 patria.
1537 2027 1638 2059 Quum
1665 2035 1703 2055 ue

253 2066 319 2096 satis
334 2066 444 2095 constet
456 2077 472 2095 e.
487 2067 692 2107 Tunquinenfi
709 2077 801 2107 regno
819 2065 1075 2106 fragrantiffimum
1092 2070 1246 2100 Moschum
1262 2067 1297 2099 ad
1315 2079 1369 2098 nos
1378 2066 1502 2100 deferri3
1531 2067 1586 2095 erit
1602 2067 1625 2096 is
1640 2035 1703 2096 slor-

255 2115 284 2138 te
303 2110 432 2137 maxime
450 2107 617 2138 australium
634 2111 811 2149 regionum,
833 2118 849 2138 a
865 2108 991 2139 climatis
1006 2109 1102 2140 calore
1118 2111 1148 2142 δε
1164 2112 1342 2141 Aromaticis
1359 2109 1470 2150 pascuis
1486 2107 1637 2137 exaltatus.

194 2165 239 2207 ¹⁵⁵)
262 2168 304 2196 Ex
320 2164 541 2207 antiquioribus
559 2164 668 2205 aliqui.
690 2167 720 2194 in
736 2168 817 2205 Syria
833 2173 922 2207 atque
939 2165 1035 2196 Africa
1050 2170 1182 2207 gregaria
1196 2168 1262 2198 dari*
1274 2165 1449 2198 moschifcra
1463 2164 1613 2201 animalia,
1630 2163 1701 2194 ideo

256 2206 453 2244 afferuerunt‚
476 2205 558 2247 quod
578 2206 732 2242 Amilopas
750 2209 880 2238 minores
897 2207 1040 2249 quasdam
1057 2219 1127 2238 cum
1142 2209 1267 2240 Moscho
1280 2233 1286 2244 ,
1307 2218 1398 2250 quern
1420 2205 1554 2237 Gazellae
1577 2204 1702 2235 fimilem

258 2246 312 2278 effe
329 2247 501 2285 audierant,
523 2245 730 2277 consudiffent.
773 2251 859 2280 Error
873 2259 950 2282 unus
966 2251 1115 2282 continuo
1131 2250 1230 2292 plures
1245 2251 1379 2294 peperit,
1400 2257 1433 2281 ut
1447 2247 1702 2279 finemnoninve·

257 2291 342 2332 uias,
361 2288 382 2320 si
398 2299 502 2321 omnes
518 2296 658 2321 excutere
679 2287 759 2324 velis,
