<?xml version="1.0" encoding="UTF-8"?>
<!DOCTYPE html PUBLIC "-//W3C//DTD XHTML 1.0 Transitional//EN"
    "http://www.w3.org/TR/xhtml1/DTD/xhtml1-transitional.dtd">
<html xmlns="http://www.w3.org/1999/xhtml" xml:lang="en" lang="en">
 <head>
  <title>
</title>
<meta http-equiv="Content-Type" content="text/html;charset=utf-8" />
  <meta name='ocr-system' content='tesseract 3.04.00' />
  <meta name='ocr-capabilities' content='ocr_page ocr_carea ocr_par ocr_line ocrx_word'/>
</head>
<body>
  <div class='ocr_page' id='page_1' title='image "./spicilegiazoolog914pall_0242.png"; bbox 0 0 2032 2732; ppageno 0'>
   <div class='ocr_carea' id='block_1_1' title="bbox 663 229 1469 288">
    <p class='ocr_par' dir='ltr' id='par_1_1' title="bbox 663 229 1469 288">
     <span class='ocr_line' id='line_1_1' title="bbox 663 229 1469 288; baseline -0.001 0"><span class='ocrx_word' id='word_1_1' title='bbox 663 230 845 288; x_wconf 56' lang='lat' dir='ltr'>Qeffl</span> <span class='ocrx_word' id='word_1_2' title='bbox 963 230 1172 283; x_wconf 76' lang='lat'><em>(72)</em></span> <span class='ocrx_word' id='word_1_3' title='bbox 1287 229 1469 287; x_wconf 58' lang='lat' dir='ltr'>Qess*</span> 
     </span>
    </p>
   </div>
   <div class='ocr_carea' id='block_1_2' title="bbox 320 323 1823 506">
    <p class='ocr_par' dir='ltr' id='par_1_2' title="bbox 320 323 1823 506">
     <span class='ocr_line' id='line_1_2' title="bbox 320 323 1819 387; baseline -0.003 -12"><span class='ocrx_word' id='word_1_4' title='bbox 320 333 373 376; x_wconf 81' lang='lat' dir='ltr'>ad</span> <span class='ocrx_word' id='word_1_5' title='bbox 394 328 505 374; x_wconf 81' lang='lat' dir='ltr'>basin</span> <span class='ocrx_word' id='word_1_6' title='bbox 532 325 718 371; x_wconf 86' lang='lat' dir='ltr'>frontalis</span> <span class='ocrx_word' id='word_1_7' title='bbox 745 330 831 380; x_wconf 83' lang='lat' dir='ltr'>ejus</span> <span class='ocrx_word' id='word_1_8' title='bbox 856 325 992 368; x_wconf 80' lang='lat' dir='ltr'>lateris</span> <span class='ocrx_word' id='word_1_9' title='bbox 1011 339 1070 368; x_wconf 84' lang='lat' dir='ltr'>ex</span> <span class='ocrx_word' id='word_1_10' title='bbox 1093 325 1288 383; x_wconf 84' lang='lat' dir='ltr'>occipitio</span> <span class='ocrx_word' id='word_1_11' title='bbox 1317 337 1428 374; x_wconf 82' lang='lat' dir='ltr'>orta,</span> <span class='ocrx_word' id='word_1_12' title='bbox 1459 324 1670 383; x_wconf 82' lang='lat' dir='ltr'>parallela‚</span> <span class='ocrx_word' id='word_1_13' title='bbox 1701 323 1819 387; x_wconf 79' lang='lat' dir='ltr'>supra</span> 
     </span>
     <span class='ocr_line' id='line_1_3' title="bbox 321 382 1823 443; baseline -0.002 -10"><span class='ocrx_word' id='word_1_14' title='bbox 321 404 462 434; x_wconf 88' lang='lat' dir='ltr'>aurem</span> <span class='ocrx_word' id='word_1_15' title='bbox 488 387 702 434; x_wconf 83' lang='lat' dir='ltr'>reclinata,</span> <span class='ocrx_word' id='word_1_16' title='bbox 742 384 997 434; x_wconf 81' lang='lat' dir='ltr'>subarcuata‚</span> <span class='ocrx_word' id='word_1_17' title='bbox 1038 382 1283 426; x_wconf 77' lang='lat' dir='ltr'>frontalibus</span> <span class='ocrx_word' id='word_1_18' title='bbox 1316 384 1499 427; x_wconf 83' lang='lat' dir='ltr'>laeviora</span> <span class='ocrx_word' id='word_1_19' title='bbox 1525 383 1569 426; x_wconf 64' lang='lat' dir='ltr'>dc</span> <span class='ocrx_word' id='word_1_20' title='bbox 1597 385 1673 428; x_wconf 87' lang='lat' dir='ltr'>vix</span> <span class='ocrx_word' id='word_1_21' title='bbox 1704 388 1823 443; x_wconf 89' lang='lat' dir='ltr'>quin-</span> 
     </span>
     <span class='ocr_line' id='line_1_4' title="bbox 321 441 1821 506; baseline -0.001 -17"><span class='ocrx_word' id='word_1_22' title='bbox 321 445 634 506; x_wconf 81' lang='lat' dir='ltr'>quepollicaria:</span> <span class='ocrx_word' id='word_1_23' title='bbox 677 458 735 486; x_wconf 86' lang='lat' dir='ltr'>ex</span> <span class='ocrx_word' id='word_1_24' title='bbox 764 441 829 485; x_wconf 92' lang='lat' dir='ltr'>his</span> <span class='ocrx_word' id='word_1_25' title='bbox 857 442 1037 485; x_wconf 82' lang='lat' dir='ltr'>anterius</span> <span class='ocrx_word' id='word_1_26' title='bbox 1070 443 1339 485; x_wconf 82' lang='lat' dir='ltr'>extremitate</span> <span class='ocrx_word' id='word_1_27' title='bbox 1369 441 1821 487; x_wconf 86' lang='lat' dir='ltr'>cultrato—truncatum.</span> 
     </span>
    </p>
   </div>
   <div class='ocr_carea' id='block_1_3' title="bbox 320 498 1820 614">
    <p class='ocr_par' dir='ltr' id='par_1_3' title="bbox 320 498 1820 614">
     <span class='ocr_line' id='line_1_5' title="bbox 321 498 1820 558; baseline -0.005 -10"><span class='ocrx_word' id='word_1_28' title='bbox 321 508 365 549; x_wconf 88' lang='lat' dir='ltr'>A</span> <span class='ocrx_word' id='word_1_29' title='bbox 387 504 562 547; x_wconf 85' lang='lat' dir='ltr'>Dextris</span> <span class='ocrx_word' id='word_1_30' title='bbox 578 501 732 545; x_wconf 89' lang='lat' dir='ltr'>eodem</span> <span class='ocrx_word' id='word_1_31' title='bbox 750 501 821 542; x_wconf 82' lang='lat' dir='ltr'>situ</span> <span class='ocrx_word' id='word_1_32' title='bbox 841 515 968 543; x_wconf 87' lang='lat' dir='ltr'>cornu</span> <span class='ocrx_word' id='word_1_33' title='bbox 988 498 1008 541; x_wconf 88' lang='lat' dir='ltr'>s</span> <span class='ocrx_word' id='word_1_34' title='bbox 1031 499 1226 548; x_wconf 87' lang='lat' dir='ltr'>litarium,</span> <span class='ocrx_word' id='word_1_35' title='bbox 1257 498 1329 543; x_wconf 83' lang='lat' dir='ltr'>sex</span> <span class='ocrx_word' id='word_1_36' title='bbox 1345 500 1522 558; x_wconf 84' lang='lat' dir='ltr'>pollices</span> <span class='ocrx_word' id='word_1_37' title='bbox 1545 499 1745 558; x_wconf 73' lang='lat' dir='ltr'>longum,</span> <span class='ocrx_word' id='word_1_38' title='bbox 1774 500 1820 545; x_wconf 80' lang='lat' dir='ltr'>si·</span> 
     </span>
     <span class='ocr_line' id='line_1_6' title="bbox 320 557 1402 614; baseline -0.006 -8"><span class='ocrx_word' id='word_1_39' title='bbox 320 562 445 606; x_wconf 89' lang='lat' dir='ltr'>nistro</span> <span class='ocrx_word' id='word_1_40' title='bbox 463 574 652 604; x_wconf 87' lang='lat' dir='ltr'>truncato</span> <span class='ocrx_word' id='word_1_41' title='bbox 671 557 799 601; x_wconf 80' lang='lat' dir='ltr'>{imile</span> <span class='ocrx_word' id='word_1_42' title='bbox 825 560 882 612; x_wconf 53' lang='lat' dir='ltr'>(N</span> <span class='ocrx_word' id='word_1_43' title='bbox 896 557 950 600; x_wconf 91' lang='lat' dir='ltr'>id.</span> <span class='ocrx_word' id='word_1_44' title='bbox 974 558 1095 600; x_wconf 86' lang='lat' dir='ltr'><em>TAB.</em></span> <span class='ocrx_word' id='word_1_45' title='bbox 1115 558 1140 599; x_wconf 89' lang='lat' dir='ltr'><strong><em>I</em></strong></span> <span class='ocrx_word' id='word_1_46' title='bbox 1145 559 1187 599; x_wconf 82' lang='lat' dir='ltr'>V.</span> <span class='ocrx_word' id='word_1_47' title='bbox 1190 558 1270 614; x_wconf 85' lang='lat' dir='ltr'>fig.</span> <span class='ocrx_word' id='word_1_48' title='bbox 1295 576 1324 600; x_wconf 88' lang='grc' dir='ltr'>ι.</span> <span class='ocrx_word' id='word_1_49' title='bbox 1343 559 1402 613; x_wconf 87' lang='lat' dir='ltr'>c.)</span> 
     </span>
    </p>
   </div>
   <div class='ocr_carea' id='block_1_4' title="bbox 320 652 1823 1048">
    <p class='ocr_par' dir='ltr' id='par_1_4' title="bbox 320 652 1823 1048">
     <span class='ocr_line' id='line_1_7' title="bbox 435 652 1818 712; baseline -0.001 -12"><span class='ocrx_word' id='word_1_50' title='bbox 435 659 614 700; x_wconf 83' lang='lat' dir='ltr'>Aurium</span> <span class='ocrx_word' id='word_1_51' title='bbox 631 654 739 703; x_wconf 83' lang='lat' dir='ltr'>situs,</span> <span class='ocrx_word' id='word_1_52' title='bbox 753 655 812 697; x_wconf 91' lang='lat' dir='ltr'>uti</span> <span class='ocrx_word' id='word_1_53' title='bbox 830 652 964 696; x_wconf 84' lang='lat' dir='ltr'>forma</span> <span class='ocrx_word' id='word_1_54' title='bbox 975 654 1131 712; x_wconf 86' lang='lat' dir='ltr'>capitis,</span> <span class='ocrx_word' id='word_1_55' title='bbox 1160 655 1201 696; x_wconf 90' lang='lat' dir='ltr'>in</span> <span class='ocrx_word' id='word_1_56' title='bbox 1223 653 1481 711; x_wconf 79' lang='lat' dir='ltr'>steatopygis</span> <span class='ocrx_word' id='word_1_57' title='bbox 1496 653 1667 697; x_wconf 89' lang='lat' dir='ltr'>Ovibus</span> <span class='ocrx_word' id='word_1_58' title='bbox 1683 669 1734 698; x_wconf 82' lang='lat' dir='ltr'>ae</span> <span class='ocrx_word' id='word_1_59' title='bbox 1766 669 1818 698; x_wconf 83' lang='lat' dir='ltr'>ue</span> 
     </span>
     <span class='ocr_line' id='line_1_8' title="bbox 320 669 1820 767; baseline -0.004 -7"><span class='ocrx_word' id='word_1_60' title='bbox 320 715 512 760; x_wconf 86' lang='lat' dir='ltr'>constans</span> <span class='ocrx_word' id='word_1_61' title='bbox 528 713 586 758; x_wconf 90' lang='lat' dir='ltr'>est</span> <span class='ocrx_word' id='word_1_62' title='bbox 609 714 714 756; x_wconf 87' lang='lat' dir='ltr'>acin</span> <span class='ocrx_word' id='word_1_63' title='bbox 730 711 959 756; x_wconf 85' lang='lat' dir='ltr'>Guineenfi</span> <span class='ocrx_word' id='word_1_64' title='bbox 983 713 1212 758; x_wconf 82' lang='lat' dir='ltr'>varietate3</span> <span class='ocrx_word' id='word_1_65' title='bbox 1242 713 1395 767; x_wconf 68' lang='lat' dir='ltr'>duplici</span> <span class='ocrx_word' id='word_1_66' title='bbox 1420 727 1522 754; x_wconf 87' lang='lat' dir='ltr'>vero</span> <span class='ocrx_word' id='word_1_67' title='bbox 1546 715 1680 754; x_wconf 89' lang='lat' dir='ltr'>modo</span> <span class='ocrx_word' id='word_1_68' title='bbox 1706 669 1820 755; x_wconf 58' lang='lat' dir='ltr'>hille-</span> 
     </span>
     <span class='ocr_line' id='line_1_9' title="bbox 322 769 1823 827; baseline -0.003 -10"><span class='ocrx_word' id='word_1_69' title='bbox 322 773 493 818; x_wconf 69' lang='lat' dir='ltr'>&amp;untur</span> <span class='ocrx_word' id='word_1_70' title='bbox 509 805 520 822; x_wconf 95' lang='lat'><strong><em>‚</em></strong></span> <span class='ocrx_word' id='word_1_71' title='bbox 545 772 614 814; x_wconf 91' lang='lat' dir='ltr'>vel</span> <span class='ocrx_word' id='word_1_72' title='bbox 634 770 883 818; x_wconf 85' lang='lat' dir='ltr'>antrorsum,</span> <span class='ocrx_word' id='word_1_73' title='bbox 918 771 975 812; x_wconf 85' lang='lat' dir='ltr'>ita</span> <span class='ocrx_word' id='word_1_74' title='bbox 999 782 1043 811; x_wconf 89' lang='lat' dir='ltr'>ut</span> <span class='ocrx_word' id='word_1_75' title='bbox 1067 771 1191 827; x_wconf 83' lang='lat' dir='ltr'>capiti</span> <span class='ocrx_word' id='word_1_76' title='bbox 1219 769 1571 827; x_wconf 69' lang='lat' dir='ltr'>longita=dinaliter</span> <span class='ocrx_word' id='word_1_77' title='bbox 1593 770 1823 827; x_wconf 81' lang='lat' dir='ltr'>adplicatae</span> 
     </span>
     <span class='ocr_line' id='line_1_10' title="bbox 321 826 1823 887; baseline -0.003 -13"><span class='ocrx_word' id='word_1_78' title='bbox 321 830 399 874; x_wconf 79' lang='lat' dir='ltr'>sint</span> <span class='ocrx_word' id='word_1_79' title='bbox 423 831 580 887; x_wconf 80' lang='lat' dir='ltr'><em>(TAB.</em></span> <span class='ocrx_word' id='word_1_80' title='bbox 603 831 623 870; x_wconf 90' lang='lat' dir='ltr'><em>I</em></span> <span class='ocrx_word' id='word_1_81' title='bbox 629 829 672 871; x_wconf 90' lang='lat' dir='ltr'>V.</span> <span class='ocrx_word' id='word_1_82' title='bbox 678 829 757 884; x_wconf 83' lang='lat' dir='ltr'>fig.</span> <span class='ocrx_word' id='word_1_83' title='bbox 782 846 811 870; x_wconf 86' lang='grc' dir='ltr'>ι.</span> <span class='ocrx_word' id='word_1_84' title='bbox 828 831 864 869; x_wconf 82' lang='grc' dir='ltr'><em>(ι’.</em></span> <span class='ocrx_word' id='word_1_85' title='bbox 889 842 924 868; x_wconf 85' lang='lat'>2.</span> <span class='ocrx_word' id='word_1_86' title='bbox 941 842 968 868; x_wconf 80' lang='lat' dir='ltr'>a</span> <span class='ocrx_word' id='word_1_87' title='bbox 981 828 1009 881; x_wconf 88' lang='lat'><em>)</em></span> <span class='ocrx_word' id='word_1_88' title='bbox 1029 828 1097 868; x_wconf 92' lang='lat' dir='ltr'>vel</span> <span class='ocrx_word' id='word_1_89' title='bbox 1116 827 1306 868; x_wconf 78' lang='lat' dir='ltr'>deorsum</span> <span class='ocrx_word' id='word_1_90' title='bbox 1334 826 1473 868; x_wconf 73' lang='lat' dir='ltr'>verius</span> <span class='ocrx_word' id='word_1_91' title='bbox 1500 840 1649 869; x_wconf 78' lang='lat' dir='ltr'>terram</span> <span class='ocrx_word' id='word_1_92' title='bbox 1666 828 1823 885; x_wconf 85' lang='lat' dir='ltr'>pendu-</span> 
     </span>
     <span class='ocr_line' id='line_1_11' title="bbox 320 881 1820 943; baseline -0.004 -10"><span class='ocrx_word' id='word_1_93' title='bbox 320 889 406 937; x_wconf 87' lang='lat' dir='ltr'>lae,</span> <span class='ocrx_word' id='word_1_94' title='bbox 436 888 482 930; x_wconf 65' lang='grc' dir='ltr'>ὅτ</span> <span class='ocrx_word' id='word_1_95' title='bbox 502 889 544 929; x_wconf 91' lang='lat' dir='ltr'>in</span> <span class='ocrx_word' id='word_1_96' title='bbox 574 886 652 928; x_wconf 87' lang='lat' dir='ltr'>hac</span> <span class='ocrx_word' id='word_1_97' title='bbox 678 886 876 927; x_wconf 85' lang='lat' dir='ltr'>varietate</span> <span class='ocrx_word' id='word_1_98' title='bbox 900 881 1063 940; x_wconf 81' lang='lat' dir='ltr'>semper</span> <span class='ocrx_word' id='word_1_99' title='bbox 1097 888 1274 934; x_wconf 80' lang='lat' dir='ltr'>majores</span> <span class='ocrx_word' id='word_1_100' title='bbox 1303 896 1426 943; x_wconf 82' lang='lat' dir='ltr'>atque</span> <span class='ocrx_word' id='word_1_101' title='bbox 1453 882 1710 927; x_wconf 76' lang='lat' dir='ltr'>flaccidiores</span> <span class='ocrx_word' id='word_1_102' title='bbox 1739 882 1820 928; x_wconf 81' lang='lat' dir='ltr'>esse</span> 
     </span>
     <span class='ocr_line' id='line_1_12' title="bbox 322 938 1821 1000; baseline -0.003 -11"><span class='ocrx_word' id='word_1_103' title='bbox 322 945 453 990; x_wconf 85' lang='lat' dir='ltr'>solent</span> <span class='ocrx_word' id='word_1_104' title='bbox 481 959 600 987; x_wconf 86' lang='lat' dir='ltr'>aures</span> <span class='ocrx_word' id='word_1_105' title='bbox 633 943 731 999; x_wconf 84' lang='lat' dir='ltr'><em>(fig.</em></span> <span class='ocrx_word' id='word_1_106' title='bbox 758 972 785 984; x_wconf 80' lang='grc'>..</span> <span class='ocrx_word' id='word_1_107' title='bbox 804 957 841 984; x_wconf 87' lang='lat' dir='ltr'>a.</span> <span class='ocrx_word' id='word_1_108' title='bbox 862 957 892 983; x_wconf 88' lang='lat' dir='ltr'>c.</span> <span class='ocrx_word' id='word_1_109' title='bbox 904 943 938 993; x_wconf 79' lang='lat'>).</span> <span class='ocrx_word' id='word_1_110' title='bbox 1007 940 1126 982; x_wconf 84' lang='lat' dir='ltr'>Prior</span> <span class='ocrx_word' id='word_1_111' title='bbox 1154 938 1250 981; x_wconf 77' lang='lat' dir='ltr'>situs</span> <span class='ocrx_word' id='word_1_112' title='bbox 1275 944 1432 982; x_wconf 77' lang='lat' dir='ltr'>aurium</span> <span class='ocrx_word' id='word_1_113' title='bbox 1459 943 1586 984; x_wconf 82' lang='lat' dir='ltr'>etiam</span> <span class='ocrx_word' id='word_1_114' title='bbox 1616 943 1658 983; x_wconf 91' lang='lat' dir='ltr'>in</span> <span class='ocrx_word' id='word_1_115' title='bbox 1687 943 1821 1000; x_wconf 83' lang='lat' dir='ltr'>capris</span> 
     </span>
     <span class='ocr_line' id='line_1_13' title="bbox 320 997 1822 1048; baseline -0.003 -1"><span class='ocrx_word' id='word_1_116' title='bbox 320 1004 569 1048; x_wconf 82' lang='lat' dir='ltr'>Nomadum</span> <span class='ocrx_word' id='word_1_117' title='bbox 599 1001 840 1044; x_wconf 81' lang='lat' dir='ltr'>observatur</span> <span class='ocrx_word' id='word_1_118' title='bbox 863 1000 906 1041; x_wconf 68' lang='grc' dir='ltr'>ἀ</span> <span class='ocrx_word' id='word_1_119' title='bbox 933 999 975 1040; x_wconf 88' lang='lat' dir='ltr'>in</span> <span class='ocrx_word' id='word_1_120' title='bbox 998 997 1244 1042; x_wconf 83' lang='lat' dir='ltr'>animalibus</span> <span class='ocrx_word' id='word_1_121' title='bbox 1262 997 1498 1041; x_wconf 79' lang='lat' dir='ltr'>domesticis</span> <span class='ocrx_word' id='word_1_122' title='bbox 1513 998 1744 1042; x_wconf 85' lang='lat' dir='ltr'>admodum</span> <span class='ocrx_word' id='word_1_123' title='bbox 1758 997 1822 1043; x_wconf 89' lang='lat' dir='ltr'>so-</span> 
     </span>
    </p>
   </div>
   <div class='ocr_carea' id='block_1_5' title="bbox 321 1056 1844 1120">
    <p class='ocr_par' dir='ltr' id='par_1_5' title="bbox 321 1056 1844 1120">
     <span class='ocr_line' id='line_1_14' title="bbox 321 1056 1844 1120; baseline -0.01 -15"><span class='ocrx_word' id='word_1_124' title='bbox 321 1062 460 1105; x_wconf 87' lang='lat' dir='ltr'>lemne</span> <span class='ocrx_word' id='word_1_125' title='bbox 480 1059 590 1120; x_wconf 81' lang='lat' dir='ltr'>apud</span> <span class='ocrx_word' id='word_1_126' title='bbox 604 1074 684 1101; x_wconf 85' lang='lat' dir='ltr'>nos</span> <span class='ocrx_word' id='word_1_127' title='bbox 703 1059 854 1102; x_wconf 89' lang='lat' dir='ltr'>vitium</span> <span class='ocrx_word' id='word_1_128' title='bbox 870 1056 928 1099; x_wconf 89' lang='lat' dir='ltr'>est</span> <span class='ocrx_word' id='word_1_129' title='bbox 949 1065 965 1089; x_wconf 67' lang='lat' dir='ltr'>g</span> <span class='ocrx_word' id='word_1_130' title='bbox 976 1062 1005 1108; x_wconf 89' lang='grc'>).</span> <span class='ocrx_word' id='word_1_131' title='bbox 1829 1099 1844 1118; x_wconf 49' lang='grc' dir='ltr'><strong><em>ο</em></strong></span> 
     </span>
    </p>
   </div>
   <div class='ocr_carea' id='block_1_6' title="bbox 319 1149 1822 1666">
    <p class='ocr_par' dir='ltr' id='par_1_6' title="bbox 319 1149 1822 1666">
     <span class='ocr_line' id='line_1_15' title="bbox 437 1149 1818 1213; baseline -0.002 -13"><span class='ocrx_word' id='word_1_132' title='bbox 437 1158 551 1200; x_wconf 88' lang='lat' dir='ltr'>Inter</span> <span class='ocrx_word' id='word_1_133' title='bbox 568 1155 687 1198; x_wconf 89' lang='lat' dir='ltr'>Oves</span> <span class='ocrx_word' id='word_1_134' title='bbox 701 1152 922 1213; x_wconf 77' lang='lat' dir='ltr'>Kirgisicas</span> <span class='ocrx_word' id='word_1_135' title='bbox 942 1149 1182 1211; x_wconf 83' lang='lat' dir='ltr'>praesertim</span> <span class='ocrx_word' id='word_1_136' title='bbox 1206 1151 1252 1194; x_wconf 64' lang='grc' dir='ltr'><em>ἃ</em></span> <span class='ocrx_word' id='word_1_137' title='bbox 1279 1152 1561 1196; x_wconf 70' lang='lat' dir='ltr'>calmaceicas</span> <span class='ocrx_word' id='word_1_138' title='bbox 1576 1153 1732 1196; x_wconf 88' lang='lat' dir='ltr'>multae</span> <span class='ocrx_word' id='word_1_139' title='bbox 1749 1168 1818 1197; x_wconf 87' lang='lat' dir='ltr'>oc-</span> 
     </span>
     <span class='ocr_line' id='line_1_16' title="bbox 320 1210 1820 1274; baseline -0.005 -14"><span class='ocrx_word' id='word_1_140' title='bbox 320 1228 508 1264; x_wconf 88' lang='lat' dir='ltr'>currunt,</span> <span class='ocrx_word' id='word_1_141' title='bbox 550 1228 657 1274; x_wconf 89' lang='lat' dir='ltr'>quae</span> <span class='ocrx_word' id='word_1_142' title='bbox 688 1211 758 1255; x_wconf 86' lang='lat' dir='ltr'>sub</span> <span class='ocrx_word' id='word_1_143' title='bbox 785 1212 915 1260; x_wconf 88' lang='lat' dir='ltr'>collo,</span> <span class='ocrx_word' id='word_1_144' title='bbox 954 1212 1098 1252; x_wconf 88' lang='lat' dir='ltr'>itidem</span> <span class='ocrx_word' id='word_1_145' title='bbox 1125 1211 1184 1251; x_wconf 90' lang='lat' dir='ltr'>uti</span> <span class='ocrx_word' id='word_1_146' title='bbox 1210 1210 1494 1257; x_wconf 56' lang='lat' dir='ltr'>Guineenaes‘,</span> <span class='ocrx_word' id='word_1_147' title='bbox 1529 1211 1731 1268; x_wconf 83' lang='lat' dir='ltr'>pendulas</span> <span class='ocrx_word' id='word_1_148' title='bbox 1747 1211 1820 1253; x_wconf 88' lang='lat' dir='ltr'>ha-</span> 
     </span>
     <span class='ocr_line' id='line_1_17' title="bbox 319 1267 1821 1328; baseline -0.005 -11"><span class='ocrx_word' id='word_1_149' title='bbox 319 1275 422 1318; x_wconf 88' lang='lat' dir='ltr'>bent</span> <span class='ocrx_word' id='word_1_150' title='bbox 439 1271 672 1315; x_wconf 74' lang='lat' dir='ltr'><em>carunculas</em></span> <span class='ocrx_word' id='word_1_151' title='bbox 690 1271 901 1328; x_wconf 79' lang='lat' dir='ltr'>geminas,</span> <span class='ocrx_word' id='word_1_152' title='bbox 931 1268 1026 1324; x_wconf 73' lang='lat' dir='ltr'>(fig.</span> <span class='ocrx_word' id='word_1_153' title='bbox 1048 1283 1079 1309; x_wconf 87' lang='grc' dir='ltr'>ι.</span> <span class='ocrx_word' id='word_1_154' title='bbox 1097 1270 1134 1309; x_wconf 76' lang='lat' dir='ltr'>d.</span> <span class='ocrx_word' id='word_1_155' title='bbox 1149 1282 1185 1309; x_wconf 75' lang='lat'>2.</span> <span class='ocrx_word' id='word_1_156' title='bbox 1203 1270 1267 1322; x_wconf 81' lang='lat' dir='ltr'>a.)</span> <span class='ocrx_word' id='word_1_157' title='bbox 1285 1283 1386 1327; x_wconf 83' lang='lat' dir='ltr'>quas</span> <span class='ocrx_word' id='word_1_158' title='bbox 1405 1267 1696 1310; x_wconf 72' lang='lat' dir='ltr'>Latinimedio</span> <span class='ocrx_word' id='word_1_159' title='bbox 1712 1283 1821 1310; x_wconf 87' lang='lat' dir='ltr'>aevo</span> 
     </span>
     <span class='ocr_line' id='line_1_18' title="bbox 321 1324 1821 1386; baseline -0.005 -11"><span class='ocrx_word' id='word_1_160' title='bbox 321 1330 544 1376; x_wconf 86' lang='lat' dir='ltr'>Noneolas</span> <span class='ocrx_word' id='word_1_161' title='bbox 567 1329 843 1386; x_wconf 76' lang='lat' dir='ltr'>appellarunt,</span> <span class='ocrx_word' id='word_1_162' title='bbox 874 1324 1006 1368; x_wconf 80' lang='lat' dir='ltr'>Ruffis</span> <span class='ocrx_word' id='word_1_163' title='bbox 1033 1325 1210 1372; x_wconf 86' lang='lat' dir='ltr'>eodem,</span> <span class='ocrx_word' id='word_1_164' title='bbox 1253 1342 1338 1385; x_wconf 84' lang='lat' dir='ltr'>quo</span> <span class='ocrx_word' id='word_1_165' title='bbox 1363 1327 1403 1366; x_wconf 92' lang='lat' dir='ltr'>in</span> <span class='ocrx_word' id='word_1_166' title='bbox 1430 1340 1548 1367; x_wconf 76' lang='lat' dir='ltr'>aures</span> <span class='ocrx_word' id='word_1_167' title='bbox 1572 1327 1821 1367; x_wconf 63' lang='lat' dir='ltr'>seminarum</span> 
     </span>
     <span class='ocr_line' id='line_1_19' title="bbox 321 1380 1819 1445; baseline -0.005 -13"><span class='ocrx_word' id='word_1_168' title='bbox 321 1390 492 1445; x_wconf 61' lang='lat' dir='ltr'>(Sergy</span> <span class='ocrx_word' id='word_1_169' title='bbox 506 1395 518 1438; x_wconf 89' lang='lat'><em>)</em></span> <span class='ocrx_word' id='word_1_170' title='bbox 532 1389 707 1429; x_wconf 80' lang='lat' dir='ltr'>veniunt</span> <span class='ocrx_word' id='word_1_171' title='bbox 726 1387 911 1427; x_wconf 88' lang='lat' dir='ltr'>nomine.</span> <span class='ocrx_word' id='word_1_172' title='bbox 971 1383 1138 1425; x_wconf 78' lang='lat' dir='ltr'>Similes</span> <span class='ocrx_word' id='word_1_173' title='bbox 1158 1381 1246 1425; x_wconf 86' lang='lat' dir='ltr'>sunt</span> <span class='ocrx_word' id='word_1_174' title='bbox 1268 1383 1474 1425; x_wconf 63' lang='lat' dir='ltr'>mznnillzte</span> <span class='ocrx_word' id='word_1_175' title='bbox 1494 1384 1689 1425; x_wconf 83' lang='lat' dir='ltr'>vaccinae</span> <span class='ocrx_word' id='word_1_176' title='bbox 1704 1415 1715 1430; x_wconf 83' lang='lat'>,</span> <span class='ocrx_word' id='word_1_177' title='bbox 1740 1380 1819 1426; x_wconf 90' lang='lat' dir='ltr'>ses-</span> 
     </span>
     <span class='ocr_line' id='line_1_20' title="bbox 323 1439 1821 1508; baseline -0.004 -20"><span class='ocrx_word' id='word_1_178' title='bbox 323 1443 633 1508; x_wconf 74' lang='lat' dir='ltr'>quipollicares,</span> <span class='ocrx_word' id='word_1_179' title='bbox 664 1443 783 1501; x_wconf 76' lang='lat' dir='ltr'>digiti</span> <span class='ocrx_word' id='word_1_180' title='bbox 812 1440 1004 1485; x_wconf 73' lang='lat' dir='ltr'>crassitie,</span> <span class='ocrx_word' id='word_1_181' title='bbox 1039 1439 1159 1482; x_wconf 87' lang='lat' dir='ltr'>instar</span> <span class='ocrx_word' id='word_1_182' title='bbox 1185 1440 1304 1483; x_wconf 83' lang='lat' dir='ltr'>intest</span> <span class='ocrx_word' id='word_1_183' title='bbox 1320 1441 1406 1482; x_wconf 81' lang='lat' dir='ltr'>nuli</span> <span class='ocrx_word' id='word_1_184' title='bbox 1430 1440 1642 1498; x_wconf 70' lang='lat' dir='ltr'>semipleni</span> <span class='ocrx_word' id='word_1_185' title='bbox 1658 1441 1821 1488; x_wconf 82' lang='lat' dir='ltr'>molles,</span> 
     </span>
     <span class='ocr_line' id='line_1_21' title="bbox 322 1496 1820 1564; baseline -0.005 -17"><span class='ocrx_word' id='word_1_186' title='bbox 322 1519 455 1564; x_wconf 87' lang='lat' dir='ltr'>paene</span> <span class='ocrx_word' id='word_1_187' title='bbox 481 1503 638 1549; x_wconf 80' lang='lat' dir='ltr'>nudae,</span> <span class='ocrx_word' id='word_1_188' title='bbox 676 1501 744 1543; x_wconf 86' lang='lat' dir='ltr'>vel</span> <span class='ocrx_word' id='word_1_189' title='bbox 768 1515 861 1542; x_wconf 86' lang='lat' dir='ltr'>raro</span> <span class='ocrx_word' id='word_1_190' title='bbox 890 1499 989 1541; x_wconf 89' lang='lat' dir='ltr'>villo</span> <span class='ocrx_word' id='word_1_191' title='bbox 1012 1496 1161 1540; x_wconf 64' lang='lat' dir='ltr'>testae.</span> <span class='ocrx_word' id='word_1_192' title='bbox 1243 1498 1530 1542; x_wconf 78' lang='lat' dir='ltr'>Observantur</span> <span class='ocrx_word' id='word_1_193' title='bbox 1564 1499 1606 1539; x_wconf 92' lang='lat' dir='ltr'>in</span> <span class='ocrx_word' id='word_1_194' title='bbox 1641 1509 1820 1556; x_wconf 89' lang='lat' dir='ltr'>utroque</span> 
     </span>
     <span class='ocr_line' id='line_1_22' title="bbox 323 1554 1822 1616; baseline -0.007 -9"><span class='ocrx_word' id='word_1_195' title='bbox 323 1563 445 1610; x_wconf 80' lang='lat' dir='ltr'>sexu,</span> <span class='ocrx_word' id='word_1_196' title='bbox 471 1562 604 1602; x_wconf 88' lang='lat' dir='ltr'>immo</span> <span class='ocrx_word' id='word_1_197' title='bbox 621 1560 666 1600; x_wconf 68' lang='lat' dir='ltr'>dc</span> <span class='ocrx_word' id='word_1_198' title='bbox 690 1560 731 1600; x_wconf 84' lang='lat' dir='ltr'>in</span> <span class='ocrx_word' id='word_1_199' title='bbox 759 1558 909 1616; x_wconf 82' lang='lat' dir='ltr'>Capris</span> <span class='ocrx_word' id='word_1_200' title='bbox 934 1556 1161 1598; x_wconf 85' lang='lat' dir='ltr'>earundem</span> <span class='ocrx_word' id='word_1_201' title='bbox 1187 1558 1377 1613; x_wconf 81' lang='lat' dir='ltr'>gentium</span> <span class='ocrx_word' id='word_1_202' title='bbox 1401 1556 1595 1614; x_wconf 77' lang='lat' dir='ltr'>vulgares</span> <span class='ocrx_word' id='word_1_203' title='bbox 1612 1554 1702 1598; x_wconf 86' lang='lat' dir='ltr'>satis</span> <span class='ocrx_word' id='word_1_204' title='bbox 1720 1557 1822 1605; x_wconf 82' lang='lat' dir='ltr'>sunt,</span> 
     </span>
     <span class='ocr_line' id='line_1_23' title="bbox 322 1611 1434 1666; baseline -0.009 -2"><span class='ocrx_word' id='word_1_205' title='bbox 322 1619 516 1665; x_wconf 82' lang='lat' dir='ltr'>relaxatis</span> <span class='ocrx_word' id='word_1_206' title='bbox 533 1618 716 1660; x_wconf 87' lang='lat' dir='ltr'>verrucis</span> <span class='ocrx_word' id='word_1_207' title='bbox 733 1616 916 1658; x_wconf 85' lang='lat' dir='ltr'>cutaneis</span> <span class='ocrx_word' id='word_1_208' title='bbox 941 1611 1107 1655; x_wconf 79' lang='lat' dir='ltr'>forsitan</span> <span class='ocrx_word' id='word_1_209' title='bbox 1129 1614 1373 1656; x_wconf 79' lang='lat' dir='ltr'>tribuendae</span> <span class='ocrx_word' id='word_1_210' title='bbox 1392 1616 1434 1666; x_wconf 75' lang='lat'>³¹).</span> 
     </span>
    </p>
   </div>
   <div class='ocr_carea' id='block_1_7' title="bbox 323 1690 1819 1980">
    <p class='ocr_par' dir='ltr' id='par_1_7' title="bbox 323 1690 1819 1923">
     <span class='ocr_line' id='line_1_24' title="bbox 434 1690 1819 1750; baseline -0.003 -12"><span class='ocrx_word' id='word_1_211' title='bbox 434 1693 813 1748; x_wconf 83' lang='lat' dir='ltr'>Quemadmodum</span> <span class='ocrx_word' id='word_1_212' title='bbox 840 1693 1112 1749; x_wconf 77' lang='lat' dir='ltr'>steatopygae</span> <span class='ocrx_word' id='word_1_213' title='bbox 1142 1692 1235 1733; x_wconf 88' lang='lat' dir='ltr'>ovis</span> <span class='ocrx_word' id='word_1_214' title='bbox 1258 1691 1443 1732; x_wconf 82' lang='lat' dir='ltr'>carnium</span> <span class='ocrx_word' id='word_1_215' title='bbox 1470 1690 1516 1733; x_wconf 70' lang='grc' dir='ltr'>δι</span> <span class='ocrx_word' id='word_1_216' title='bbox 1542 1690 1675 1749; x_wconf 85' lang='lat' dir='ltr'>adipis</span> <span class='ocrx_word' id='word_1_217' title='bbox 1692 1706 1819 1750; x_wconf 84' lang='lat' dir='ltr'>quan·</span> 
     </span>
     <span class='ocr_line' id='line_1_25' title="bbox 323 1747 1818 1812; baseline -0.006 -13"><span class='ocrx_word' id='word_1_218' title='bbox 323 1758 439 1800; x_wconf 89' lang='lat' dir='ltr'>titate</span> <span class='ocrx_word' id='word_1_219' title='bbox 469 1770 598 1798; x_wconf 90' lang='lat' dir='ltr'>omne</span> <span class='ocrx_word' id='word_1_220' title='bbox 629 1767 757 1812; x_wconf 85' lang='lat' dir='ltr'>pecus</span> <span class='ocrx_word' id='word_1_221' title='bbox 787 1751 1058 1808; x_wconf 82' lang='lat' dir='ltr'>Europaeum</span> <span class='ocrx_word' id='word_1_222' title='bbox 1081 1750 1209 1806; x_wconf 77' lang='lat' dir='ltr'>longe</span> <span class='ocrx_word' id='word_1_223' title='bbox 1237 1747 1425 1805; x_wconf 74' lang='lat' dir='ltr'>superare</span> <span class='ocrx_word' id='word_1_224' title='bbox 1458 1747 1608 1796; x_wconf 83' lang='lat' dir='ltr'>solent,</span> <span class='ocrx_word' id='word_1_225' title='bbox 1636 1750 1692 1790; x_wconf 83' lang='lat' dir='ltr'>ita</span> <span class='ocrx_word' id='word_1_226' title='bbox 1707 1750 1818 1792; x_wconf 84' lang='lat' dir='ltr'>nulla</span> 
     </span>
     <span class='ocr_line' id='line_1_26' title="bbox 323 1805 1819 1865; baseline -0.005 -8"><span class='ocrx_word' id='word_1_227' title='bbox 323 1816 500 1857; x_wconf 86' lang='lat' dir='ltr'>varietas</span> <span class='ocrx_word' id='word_1_228' title='bbox 524 1813 576 1854; x_wconf 92' lang='lat' dir='ltr'>ad</span> <span class='ocrx_word' id='word_1_229' title='bbox 602 1810 760 1853; x_wconf 74' lang='lat' dir='ltr'>velleris</span> <span class='ocrx_word' id='word_1_230' title='bbox 784 1809 983 1850; x_wconf 84' lang='lat' dir='ltr'>culturam</span> <span class='ocrx_word' id='word_1_231' title='bbox 1012 1811 1129 1865; x_wconf 85' lang='lat' dir='ltr'>pejor</span> <span class='ocrx_word' id='word_1_232' title='bbox 1158 1806 1424 1864; x_wconf 74' lang='lat' dir='ltr'>utplurimum</span> <span class='ocrx_word' id='word_1_233' title='bbox 1447 1805 1516 1848; x_wconf 90' lang='lat' dir='ltr'>est.</span> <span class='ocrx_word' id='word_1_234' title='bbox 1583 1805 1753 1848; x_wconf 83' lang='lat' dir='ltr'>Etenim</span> <span class='ocrx_word' id='word_1_235' title='bbox 1776 1808 1819 1849; x_wconf 86' lang='lat' dir='ltr'>in</span> 
     </span>
     <span class='ocr_line' id='line_1_27' title="bbox 324 1861 1816 1923; baseline -0.007 -9"><span class='ocrx_word' id='word_1_236' title='bbox 324 1873 441 1914; x_wconf 87' lang='lat' dir='ltr'>omni</span> <span class='ocrx_word' id='word_1_237' title='bbox 462 1869 558 1913; x_wconf 80' lang='lat' dir='ltr'>Asia</span> <span class='ocrx_word' id='word_1_238' title='bbox 576 1869 707 1913; x_wconf 84' lang='lat' dir='ltr'>vellus</span> <span class='ocrx_word' id='word_1_239' title='bbox 724 1866 879 1910; x_wconf 85' lang='lat' dir='ltr'>hirtum</span> <span class='ocrx_word' id='word_1_240' title='bbox 894 1865 938 1908; x_wconf 67' lang='lat' dir='ltr'>dc</span> <span class='ocrx_word' id='word_1_241' title='bbox 960 1866 1052 1923; x_wconf 91' lang='lat' dir='ltr'>pilis</span> <span class='ocrx_word' id='word_1_242' title='bbox 1074 1865 1280 1906; x_wconf 79' lang='lat' dir='ltr'>immixtis</span> <span class='ocrx_word' id='word_1_243' title='bbox 1306 1863 1520 1907; x_wconf 85' lang='lat' dir='ltr'>abundans</span> <span class='ocrx_word' id='word_1_244' title='bbox 1546 1861 1696 1909; x_wconf 57' lang='lat' dir='ltr'>haben</span> <span class='ocrx_word' id='word_1_245' title='bbox 1725 1863 1816 1906; x_wconf 81' lang='lat' dir='ltr'>Kir-</span> 
     </span>
    </p>

    <p class='ocr_par' dir='ltr' id='par_1_8' title="bbox 1617 1920 1816 1980">
     <span class='ocr_line' id='line_1_28' title="bbox 1617 1920 1816 1980; baseline 0.01 -18"><span class='ocrx_word' id='word_1_246' title='bbox 1617 1920 1816 1980; x_wconf 73' lang='lat' dir='ltr'>gilio-rum</span> 
     </span>
    </p>
   </div>
   <div class='ocr_carea' id='block_1_8' title="bbox 363 2033 1819 2285">
    <p class='ocr_par' dir='ltr' id='par_1_9' title="bbox 363 2033 1819 2159">
     <span class='ocr_line' id='line_1_29' title="bbox 363 2033 1818 2080; baseline -0.003 -11"><span class='ocrx_word' id='word_1_247' title='bbox 363 2043 403 2080; x_wconf 77' lang='lat' dir='ltr'>g)</span> <span class='ocrx_word' id='word_1_248' title='bbox 428 2038 528 2069; x_wconf 77' lang='lat' dir='ltr'>Pekini</span> <span class='ocrx_word' id='word_1_249' title='bbox 543 2038 626 2067; x_wconf 76' lang='lat' dir='ltr'>etiarn</span> <span class='ocrx_word' id='word_1_250' title='bbox 642 2036 709 2066; x_wconf 84' lang='lat' dir='ltr'>feles</span> <span class='ocrx_word' id='word_1_251' title='bbox 723 2035 865 2065; x_wconf 77' lang='lat' dir='ltr'>habentur</span> <span class='ocrx_word' id='word_1_252' title='bbox 883 2033 1110 2074; x_wconf 77' lang='lat' dir='ltr'>dependentibus</span> <span class='ocrx_word' id='word_1_253' title='bbox 1126 2034 1256 2067; x_wconf 71' lang='lat' dir='ltr'>auribus,</span> <span class='ocrx_word' id='word_1_254' title='bbox 1278 2033 1359 2062; x_wconf 81' lang='lat' dir='ltr'>simul</span> <span class='ocrx_word' id='word_1_255' title='bbox 1384 2034 1448 2072; x_wconf 78' lang='lat' dir='ltr'>pilis</span> <span class='ocrx_word' id='word_1_256' title='bbox 1464 2033 1604 2072; x_wconf 65' lang='lat' dir='ltr'>promissis</span> <span class='ocrx_word' id='word_1_257' title='bbox 1625 2042 1710 2073; x_wconf 75' lang='lat' dir='ltr'>atque</span> <span class='ocrx_word' id='word_1_258' title='bbox 1725 2036 1818 2065; x_wconf 75' lang='lat' dir='ltr'>candi-</span> 
     </span>
     <span class='ocr_line' id='line_1_30' title="bbox 407 2075 1819 2118; baseline -0.002 -8"><span class='ocrx_word' id='word_1_259' title='bbox 407 2081 539 2111; x_wconf 78' lang='lat' dir='ltr'>diffimis.</span> <span class='ocrx_word' id='word_1_260' title='bbox 559 2089 630 2118; x_wconf 69' lang='lat' dir='ltr'>quse</span> <span class='ocrx_word' id='word_1_261' title='bbox 647 2080 675 2107; x_wconf 91' lang='lat' dir='ltr'>in</span> <span class='ocrx_word' id='word_1_262' title='bbox 692 2078 798 2106; x_wconf 75' lang='lat' dir='ltr'>deliciis</span> <span class='ocrx_word' id='word_1_263' title='bbox 815 2078 957 2114; x_wconf 58' lang='lat' dir='ltr'>virginum</span> <span class='ocrx_word' id='word_1_264' title='bbox 975 2075 1055 2107; x_wconf 71' lang='lat' dir='ltr'>sunt,</span> <span class='ocrx_word' id='word_1_265' title='bbox 1080 2076 1124 2104; x_wconf 75' lang='lat' dir='ltr'>sed</span> <span class='ocrx_word' id='word_1_266' title='bbox 1144 2076 1273 2105; x_wconf 80' lang='lat' dir='ltr'>muribus</span> <span class='ocrx_word' id='word_1_267' title='bbox 1293 2075 1412 2104; x_wconf 63' lang='lat' dir='ltr'>infidias}</span> <span class='ocrx_word' id='word_1_268' title='bbox 1427 2077 1536 2104; x_wconf 74' lang='lat' dir='ltr'>nolunt.</span> <span class='ocrx_word' id='word_1_269' title='bbox 1585 2078 1654 2105; x_wconf 74' lang='lat' dir='ltr'>Non</span> <span class='ocrx_word' id='word_1_270' title='bbox 1670 2079 1819 2107; x_wconf 66' lang='lat' dir='ltr'>tarneude·</span> 
     </span>
     <span class='ocr_line' id='line_1_31' title="bbox 406 2117 1816 2159; baseline -0.003 -7"><span class='ocrx_word' id='word_1_271' title='bbox 406 2122 470 2152; x_wconf 80' lang='lat' dir='ltr'>sunt</span> <span class='ocrx_word' id='word_1_272' title='bbox 490 2123 558 2151; x_wconf 75' lang='lat' dir='ltr'>aliae</span> <span class='ocrx_word' id='word_1_273' title='bbox 580 2121 646 2150; x_wconf 78' lang='lat' dir='ltr'>seles</span> <span class='ocrx_word' id='word_1_274' title='bbox 659 2141 667 2154; x_wconf 91' lang='lat'>,</span> <span class='ocrx_word' id='word_1_275' title='bbox 694 2129 766 2159; x_wconf 75' lang='lat' dir='ltr'>quae</span> <span class='ocrx_word' id='word_1_276' title='bbox 787 2120 916 2148; x_wconf 70' lang='lat' dir='ltr'>munbus</span> <span class='ocrx_word' id='word_1_277' title='bbox 939 2119 1093 2158; x_wconf 77' lang='lat' dir='ltr'>perniciem</span> <span class='ocrx_word' id='word_1_278' title='bbox 1114 2118 1224 2147; x_wconf 67' lang='lat' dir='ltr'>struunt</span> <span class='ocrx_word' id='word_1_279' title='bbox 1252 2119 1434 2147; x_wconf 68' lang='lat' dir='ltr'>Nissuuor</span> <span class='ocrx_word' id='word_1_280' title='bbox 1455 2118 1554 2157; x_wconf 77' lang='lat' dir='ltr'>Legat.</span> <span class='ocrx_word' id='word_1_281' title='bbox 1569 2117 1664 2147; x_wconf 73' lang='lat' dir='ltr'>batav.</span> <span class='ocrx_word' id='word_1_282' title='bbox 1680 2119 1757 2148; x_wconf 64' lang='lat' dir='ltr'>Parc.</span> <span class='ocrx_word' id='word_1_283' title='bbox 1774 2119 1816 2150; x_wconf 80' lang='lat' dir='ltr'>ll.</span> 
     </span>
    </p>

    <p class='ocr_par' dir='ltr' id='par_1_10' title="bbox 445 2170 498 2195">
     <span class='ocr_line' id='line_1_32' title="bbox 445 2170 498 2195; baseline 0.038 -4"><span class='ocrx_word' id='word_1_284' title='bbox 445 2170 498 2195; x_wconf 79' lang='lat'><em>108.</em></span> 
     </span>
    </p>

    <p class='ocr_par' dir='ltr' id='par_1_11' title="bbox 365 2172 1816 2246">
     <span class='ocr_line' id='line_1_33' title="bbox 365 2172 1816 2246; baseline -0.003 -11"><span class='ocrx_word' id='word_1_285' title='bbox 365 2172 544 2246; x_wconf 68' lang='lat' dir='ltr'>b)pSignum</span> <span class='ocrx_word' id='word_1_286' title='bbox 559 2204 627 2232; x_wconf 83' lang='lat' dir='ltr'>boui</span> <span class='ocrx_word' id='word_1_287' title='bbox 643 2203 727 2241; x_wconf 75' lang='lat' dir='ltr'>Capri</span> <span class='ocrx_word' id='word_1_288' title='bbox 742 2201 806 2235; x_wconf 73' lang='lat' dir='ltr'>esse,</span> <span class='ocrx_word' id='word_1_289' title='bbox 829 2203 873 2231; x_wconf 86' lang='lat' dir='ltr'>cui</span> <span class='ocrx_word' id='word_1_290' title='bbox 891 2200 939 2230; x_wconf 82' lang='lat' dir='ltr'>sub</span> <span class='ocrx_word' id='word_1_291' title='bbox 951 2202 1068 2230; x_wconf 76' lang='lat' dir='ltr'>maxillis</span> <span class='ocrx_word' id='word_1_292' title='bbox 1084 2201 1166 2230; x_wconf 76' lang='lat' dir='ltr'>binae</span> <span class='ocrx_word' id='word_1_293' title='bbox 1180 2194 1338 2231; x_wconf 61' lang='lat' dir='ltr'>verruculhe</span> <span class='ocrx_word' id='word_1_294' title='bbox 1353 2201 1426 2230; x_wconf 86' lang='lat' dir='ltr'>collo</span> <span class='ocrx_word' id='word_1_295' title='bbox 1439 2200 1600 2241; x_wconf 78' lang='lat' dir='ltr'>dependent</span> <span class='ocrx_word' id='word_1_296' title='bbox 1621 2201 1670 2231; x_wconf 88' lang='lat' dir='ltr'>Co</span> <span class='ocrx_word' id='word_1_297' title='bbox 1681 2211 1752 2231; x_wconf 67' lang='lat' dir='ltr'>tuM</span> <span class='ocrx_word' id='word_1_298' title='bbox 1762 2212 1776 2231; x_wconf 84' lang='grc' dir='ltr'>ε</span> <span class='ocrx_word' id='word_1_299' title='bbox 1787 2212 1816 2231; x_wconf 76' lang='grc' dir='ltr'>ι-</span> 
     </span>
    </p>

    <p class='ocr_par' dir='ltr' id='par_1_12' title="bbox 409 2243 1408 2285">
     <span class='ocr_line' id='line_1_34' title="bbox 409 2243 1408 2285; baseline -0.007 -7"><span class='ocrx_word' id='word_1_300' title='bbox 409 2259 449 2279; x_wconf 69' lang='lat' dir='ltr'>LA</span> <span class='ocrx_word' id='word_1_301' title='bbox 471 2246 533 2277; x_wconf 81' lang='lat' dir='ltr'>Lib.</span> <span class='ocrx_word' id='word_1_302' title='bbox 557 2245 696 2285; x_wconf 32' lang='lat' dir='ltr'>VlIncap.</span> <span class='ocrx_word' id='word_1_303' title='bbox 710 2250 733 2272; x_wconf 69' lang='grc' dir='ltr'>ό.</span> <span class='ocrx_word' id='word_1_304' title='bbox 752 2245 878 2283; x_wconf 79' lang='lat' dir='ltr'>itemque</span> <span class='ocrx_word' id='word_1_305' title='bbox 900 2245 975 2273; x_wconf 65' lang='lat' dir='ltr'>Vm:</span> <span class='ocrx_word' id='word_1_306' title='bbox 987 2253 1029 2273; x_wconf 67' lang='lat' dir='ltr'>Ro</span> <span class='ocrx_word' id='word_1_307' title='bbox 1050 2243 1111 2274; x_wconf 69' lang='lat' dir='ltr'><em>Lib.</em></span> <span class='ocrx_word' id='word_1_308' title='bbox 1127 2245 1164 2273; x_wconf 88' lang='lat'>11.</span> <span class='ocrx_word' id='word_1_309' title='bbox 1179 2250 1270 2282; x_wconf 76' lang='lat' dir='ltr'>cap.3.</span> <span class='ocrx_word' id='word_1_310' title='bbox 1285 2249 1408 2283; x_wconf 73' lang='lat' dir='ltr'>ponunt.</span> 
     </span>
    </p>
   </div>
  </div>
 </body>
</html>
