2032 2732
631 177 786 236 Ὲῆᾱέ
864 179 980 233 (9)
1066 173 1222 237 2355ae

124 275 379 318 feffiffimam
403 274 531 327 dedit,
561 276 749 318 translato
768 290 819 317 ex
834 276 1045 319 MARTINl
1063 276 1222 320 Atlante
1239 277 1328 319 loeo
1347 286 1570 320 contentus.
1617 277 1709 320 Post

127 333 238 374 hune
265 332 315 373 de
332 331 498 375 Sibirico
515 332 684 374 Moscho
712 332 841 388 aliqua
868 334 1089 375 retulerunt
1115 333 1305 375 WszEN
1333 347 1453 388 atque
1478 334 1710 377 STRALEN-

127 402 337 431 BERGms:
383 390 434 430 Et
461 391 572 444 prior
597 388 761 444 quidem
788 387 962 444 (Nom-d
982 403 1027 431 en
1057 387 1153 444 Oofl
1187 387 1323 431 Tczmr.
1352 389 1463 433 Edit.
1481 389 1535 432 ll.
1563 398 1706 438 loma,

122 453 167 502 p.
187 450 273 502 789.
292 444 388 499 seq.)
406 445 624 486 admodum
642 459 745 500 vaga
764 459 898 500 neque
916 459 1051 487 errore
1062 460 1188 487 vacua
1201 479 1211 496 ,
1242 445 1471 500 praesertim
1483 460 1611 501 quum
1630 446 1705 489 fra-

126 503 324 555 grantiam
341 500 495 543 Moschi
515 503 655 556 optimi
684 516 705 543 a
729 503 956 543 maturitate
982 502 1159 556 pendere
1178 514 1376 553 autumat,
1401 503 1569 558 fierique
1585 518 1606 544 e
1624 502 1704 545 san-

156 561 248 599 ›uine
268 555 389 604 effuso
402 560 446 601 in
466 556 687 600 folliculum
705 558 970 599 umbilicalem
984 591 993 609 ,
1019 559 1061 599 ἃ
1080 558 1178 598 dum
1197 559 1255 614 (p.
1270 559 1376 615 790.)
1394 558 1553 614 Saigam
1570 559 1701 611 (Anti-

125 572 256 671 ῗθρεη)
274 615 433 655 nomine
453 628 546 655 cum
563 614 751 664 Moscho,
781 628 822 655 re
842 628 936 655 cum
965 614 1119 654 animali
1140 614 1294 654 Bezoar
1318 617 1508 668 gignente
1536 614 1701 658 confun-

125 670 194 712 dit.
250 670 419 712 veriora
444 670 552 712 dedit
578 670 675 713 alter
704 669 868 721 (Nord-
893 685 929 712 21.
948 668 1113 724 Oftlz'che
1139 667 1307 725 Europa
1333 684 1369 710 u.
1395 669 1508 723 Asien
1532 681 1571 728 p.
1589 675 1696 728 335.)

124 725 211 778 sed,
240 740 285 768 ut
305 724 420 779 solet,
449 727 527 769 fine
551 727 698 780 judicio
727 725 904 779 corrasa,
943 726 1176 781 ruditerque
1202 724 1415 781 descripta,
1451 728 1563 783 quod
1586 742 1699 782 prae-

123 782 254 825 sertim
272 782 322 824 de
340 783 426 825 idea
443 782 626 836 folliculi,
656 798 777 840 quam
795 783 926 835 dedit,
951 783 1166 825 dicendum
1192 782 1258 824 est.

223 857 380 898 Primus
399 859 749 912 peregrinatorum
768 859 805 898 in
826 856 917 897 Asia
937 854 1047 898 Dan.
1066 854 1167 898 Gotl.
1186 856 1590 909 MESSERSCHMIDT',
1617 855 1696 898 Ge-

124 912 304 955 daneniis
320 914 377 956 M.
388 914 436 954 D.
456 916 689 955 accuratiori
708 915 874 956 examini
887 911 1101 953 Moschum
1119 914 1156 952 in
1175 911 1289 953 natali
1303 910 1382 952 solo
1394 910 1556 965 subjecit
1575 926 1696 967 atque

124 971 164 1011 in
186 968 432 1026 Hoclogetico
454 969 578 1012 MSto
599 973 777 1012 notitiam
794 982 1051 1011 externarum
1070 970 1244 1023 partium
1264 966 1350 1008 satis
1361 968 1604 1023 diligentem,
1623 968 1698 1011 sce-

124 1026 191 1068 leti
209 1025 472 1067 dimmflones
489 1027 717 1069 minutiosas
737 1028 777 1068 8(
797 1027 1036 1067 Anatomica
1063 1027 1170 1067 varia
1198 1025 1466 1079 confignavit,
1492 1025 1541 1066 ad
1561 1031 1698 1067 icones

121 1096 289 1138 quoque
317 1095 564 1136 provocans,
596 1097 698 1139 quae
726 1086 951 1138 perierunt,
984 1081 1327 1136 quemadmodum
1354 1080 1433 1135 ipsa
1462 1082 1524 1122 illa
1559 1081 1697 1124 descri-

121 1141 207 1193 ptio
227 1139 358 1179 lucem
375 1152 580 1194 nunquam
599 1139 797 1194 adspexit,
815 1153 889 1181 nec
905 1137 1112 1193 adspiciet,
1130 1138 1220 1179 licet
1238 1142 1276 1178 in
1293 1137 1557 1193 quibusdam,
1583 1152 1696 1193 prae·

122 1195 254 1238 sertim
281 1193 446 1235 folliculi
463 1197 746 1250 explicatione,
779 1194 1041 1249 praeferenda
1067 1194 1112 1238 sit
1140 1192 1406 1237 G172elinlcz⁷2ae
1430 1194 1470 1235 8(
1489 1194 1694 1251 prioribus

121 1265 230 1295 certe
255 1251 440 1293 omnibus
466 1252 640 1307 palmam
668 1253 897 1309 praeripian

236 1324 324 1365 Post
341 1324 448 1365 hunc
466 1325 692 1367 &inventis
720 1325 901 1377 ejusdem
933 1322 1022 1367 ustis
1054 1321 1127 1379 Jo.
1160 1321 1349 1380 Gemgz'us
1373 1323 1623 1365 GMELINUS
1653 1325 1695 1365 in

122 1378 330 1423 Itium-ario
339 1380 498 1433 sthirico
516 1381 709 1438 (gemma.
738 1380 819 1426 Vol.
837 1380 889 1424 II.
901 1391 941 1439 p.
958 1394 1039 1437 239.
1057 1381 1098 1422 8(
1115 1384 1213 1433 242.)
1225 1393 1351 1435 pauca
1370 1380 1419 1422 de
1436 1378 1605 1421 Moscho
1623 1392 1696 1433 pu-

121 1437 300 1487 blicavit,
332 1436 395 1478 sed
416 1437 628 1491 posthuma
647 1453 752 1480 extat
768 1442 851 1488 ejus
870 1436 1081 1491 descriptio
1098 1438 1137 1478 in
1168 1434 1276 1478 Nov.
1307 1435 1515 1478 Commem.
1534 1434 1693 1492 Petrop.

130 1491 243 1537 Tom.
264 1491 331 1536 IV.
346 1503 387 1551 p.
402 1493 571 1551 393-st’17·
598 1509 618 1535 a
638 1495 824 1536 laborum
844 1494 946 1537 fficio
975 1492 1159 1536 Celeberr.
1178 1493 1402 1534 MiiLLERo
1421 1492 1545 1544 edita,
1574 1504 1691 1546 quae,

121 1562 214 1591 utut
232 1563 390 1600 manca,
416 1550 603 1591 inlucem
622 1565 735 1592 antea
754 1553 906 1606 prolata
927 1552 1056 1591 omnia
1075 1549 1164 1604 post
1183 1547 1220 1590 se
1236 1549 1449 1603 relinquit,
1479 1550 1693 1603 magisque

121 1619 306 1648 accurata
325 1605 401 1658 est,
425 1619 548 1660 quam
575 1609 612 1647 in
631 1608 864 1663 Zoologicis
882 1608 974 1649 alias
992 1605 1065 1648 effe
1081 1603 1390 1647 solebataui'tor.
1448 1606 1609 1646 leonem
1628 1603 1693 1645 ad·

119 1664 209 1714 jecit
226 1662 385 1703 nullam.
443 1663 558 1720 Quae
576 1663 625 1705 de
643 1663 838 1705 struetum
859 1666 899 1706 8(
925 1662 1106 1704 moribus
1132 1659 1288 1703 Moschi
1306 1660 1507 1716 exposuit,
1533 1659 1691 1716 respon-

120 1719 217 1760 dent
233 1717 317 1760 fere
336 1720 399 1770 iis,
424 1731 527 1772 quae
547 1720 701 1773 plenius
723 1719 802 1775 ipse
825 1735 874 1762 ex
892 1717 1237 1762 observationibus
1249 1719 1421 1773 propriis
1439 1718 1479 1758 8(
1495 1730 1629 1758 coram
1650 1718 1691 1758 in

121 1775 262 1817 Sibiria
280 1773 453 1818 colleffis
474 1774 552 1816 rela
574 1776 729 1817 ionibus
748 1776 849 1818 infra
875 1788 1124 1832 proponam,
1164 1773 1347 1828 adeoque
1373 1773 1598 1815 recensione
1624 1775 1694 1815 vix

122 1831 320 1887 indigent3
349 1832 600 1885 excerpenda
622 1844 752 1874 tamen
777 1847 924 1888 pauca,
953 1845 1057 1886 quae
1078 1831 1231 1886 primus
1252 1830 1368 1881 dixit,
1401 1830 1443 1871 8(
1461 1845 1506 1872 ea
1532 1828 1619 1872 sunt
1637 1832 1692 1871 in-

122 1887 308 1940 dicanda,
340 1890 378 1928 in
396 1888 543 1942 quibus
563 1888 822 1930 hallucinatus
840 1891 907 1930 est.
966 1886 1085 1929 Refice
1105 1888 1239 1941 itaque
1261 1885 1473 1941 caespitem
1501 1887 1690 1941 pilorum,

123 1944 312 1986 szwm
332 1943 481 1984 distum
510 1945 550 1985 &
568 1945 825 1988 exsiccatione
852 1957 1012 1995 natum,
1044 1945 1083 1984 in
1108 1943 1336 1985 recentibus
1359 1942 1594 1984 animalibus
1620 1943 1691 1984 fibi

121 2015 204 2043 non
224 2012 428 2054 repertum
444 1999 689 2056 asseveravit,
719 2001 889 2043 molares
913 2003 950 2042 in
971 2012 1141 2054 utraque
1156 2000 1312 2041 maxilla
1331 2001 1520 2053 utrinque
1538 1998 1603 2041 sex
1628 1998 1695 2040 ad-

121 2057 196 2100 effe
212 2069 349 2098 contra
371 2055 542 2097 eundem
569 2060 734 2099 monuit.
794 2058 912 2100 Reet:
923 2060 1039 2098 etiam
1055 2056 1150 2097 dixit
1167 2056 1335 2098 caudam
1352 2056 1390 2096 in
1402 2069 1510 2097 mare
1527 2055 1691 2106 nudam,

122 2117 204 2157 imo
224 2115 288 2155 vix
307 2112 448 2162 ullam,
472 2113 511 2153 in
527 2110 845 2167 feminapilusam
865 2113 957 2165 elle,
985 2112 1251 2167 omnibusque
1261 2124 1437 2166 quatuor
1447 2112 1608 2166 ungulis
1628 2125 1694 2168 pe-

122 2171 192 2214 des
214 2169 383 2211 infistere
401 2170 548 2224 (p.393.
566 2172 696 2222 395),
727 2169 768 2210 8(
786 2169 1013 2211 distin‘Ocum
1024 2167 1433 2222 umbilicivestigium,
1452 2171 1497 2219 5¹¹
1519 2181 1606 2209 ante
1624 2166 1695 2208 iol-

121 2227 285 2269 lieulum
312 2224 509 2274 distantia,
539 2223 662 2265 adtffc
687 2227 742 2279 (p.
757 2232 874 2282 399.>.
933 2225 1063 2277 Vidit,
1092 2225 1151 2266 uti
1172 2223 1481 2276 ScHROEKius,
1502 2223 1698 2265 orificium

215 2279 348 2340 Spin-il.
359 2277 474 2325 Zool.
485 2277 596 2336 Fasc.
611 2278 728 2323 Xlll.
1006 2279 1036 2322 B
1601 2279 1701 2322 folli„
