2032 2732
673 229 853 286 Qu&
974 230 1183 285 (78)
1301 229 1482 288 Quo&

326 336 670 385 coagmentatae,
699 327 832 385 pugni
847 323 966 384 saepe
983 326 1293 384 magnitudine,
1325 324 1392 369 sed
1418 325 1676 387 frequentius
1698 329 1834 372 mino-⁷

327 402 412 434 τες,
446 383 582 426 forma
599 384 805 442 oblonga,
833 385 920 426 imo
931 382 1088 442 saepius
1103 385 1231 443 lupini
1248 384 1367 426 instar
1379 385 1584 444 depressa:
1614 398 1738 445 atque
1754 386 1834 430 hae

327 440 652 502 frequentiffime
681 454 835 484 tartaro
869 442 1053 501 quodam
1079 445 1215 491 tenui,
1258 443 1510 500 nigerrimo,
1543 445 1697 501 polito,
1723 444 1835 504 quasi

329 502 498 546 vernice
516 498 742 548 obductae,
761 501 895 542 immo
919 507 1222 560 nonnunquam
1240 502 1367 542 crusta
1397 502 1672 559 lapidelcente
1694 503 1835 544 lorica-

328 572 396 604 tae
411 557 491 603 esse
510 557 652 602 solent.
714 558 911 602 Odorem
938 557 1038 606 hae,
1069 559 1164 601 licet
1181 559 1250 601 diu
1283 559 1542 608 adservatae,
1581 559 1742 618 semper
1767 560 1837 603 ali-

359 633 458 662 uem
472 616 635 660 servant
659 614 896 671 hezoartico
914 617 1099 674 genuino
1116 616 1303 664 similem,
1331 617 1375 659 <Se
1392 616 1475 659 sine
1488 616 1617 659 dubio
1638 616 1750 660 slecis
1768 617 1837 661 ab·

329 634 576 721 anthimum
597 673 799 723 caulibus,
819 689 926 732 quos
942 673 1102 732 hyeme
1121 676 1308 717 maxime
1327 675 1598 732 depascuntur
1618 691 1743 723 oves,
1771 691 1836 718 or-

331 748 422 780 tum
449 733 565 776 suum
589 731 757 775 debent.
836 733 1056 774 'sarcarum
1088 748 1191 775 vero
1222 732 1513 775 incrustantem
1548 748 1679 790 aeque
1713 734 1838 775 succis

331 790 578 838 animalibus
595 791 636 832 in
657 789 889 833 ventriculo
906 789 1210 848 stagnantibus,
1242 791 1416 849 gastrico
1433 802 1558 850 atque
1573 790 1745 840 salNali,
1772 793 1838 834 tri-

330 850 548 898 buendum
578 846 657 890 esse
681 861 805 905 puto,
833 862 880 888 ac:
906 850 1152 904 auruginem
1179 849 1289 890 illam
1313 849 1460 890 dentes
1486 848 1666 890 molares
1692 850 1839 893 ovium

332 925 420 953 non
445 907 576 950 solum
603 903 920 964 Kirgisicarum,
956 903 1026 948 sed
1058 905 1249 947 omnium
1271 904 1391 958 hujus
1418 907 1648 955 varietatis,
1673 906 1839 965 copiose

332 966 629 1011 obducentem.

449 1082 500 1126 In
513 1081 874 1139 complementum
891 1094 1052 1129 eorum,
1070 1095 1179 1139 vquae
1189 1081 1296 1122 circa
1312 1079 1437 1125 Oves
1457 1080 1725 1138 steatopvgas
1741 1079 1839 1124 huc-

334 1156 468 1200 usque
503 1140 658 1187 adtuli,
705 1137 922 1196 descriptio
945 1154 1040 1180 cum
1064 1138 1262 1181 mensuris
1296 1139 1452 1180 Arietis
1479 1130 1670 1196 Kirgilici
1700 1137 1770 1180 sub
1795 1137 1839 1180 fi-

336 1214 436 1243 nem
460 1195 621 1251 adjeUca
638 1196 707 1244 est,
729 1198 915 1249 ejusdem
941 1200 1052 1248 quus
1073 1198 1170 1238 icon
1208 1197 1328 1239 ΤΑΒ.
1349 1197 1419 1237 IV.
1433 1196 1511 1251 fig.
1538 1213 1569 1238 1.
1590 1212 1626 1237 α.
1652 1194 1840 1238 habetur.

334 1257 621 1313 Interimquae
638 1256 690 1297 de
706 1254 935 1297 Eucharica
951 1254 1150 1297 varietate
1168 1256 1314 1298 ovium
1327 1253 1504 1297 dicenda
1523 1252 1733 1311 supersunt
1751 1251 1840 1297 bre-

337 1317 445 1361 viter
464 1313 719 1372 subjungam.
1665 1305 1677 1314 ”

453 1431 718 1476 Βιιι·λτίινίεασ,
748 1443 850 1488 quas
872 1427 978 1476 vidi,
995 1430 1172 1470 bidentes
1188 1428 1479 1486 magnitudine
1496 1428 1572 1468 vix
1593 1426 1645 1468 ad
1663 1425 1842 1469 Tscher-
1906 1458 1911 1459 ν

337 1486 506 1533 kefficas
538 1483 763 1529 accessurae
789 1484 1054 1536 videbantur,
1089 1486 1176 1527 imo
1199 1484 1319 1543 saepe
1348 1488 1423 1528 vix
1447 1485 1640 1542 vulgares
1661 1483 1845 1539 Rusticas

339 1561 443 1590 oves
474 1545 675 1603 superant.
743 1544 902 1601 Caput,
931 1556 976 1586 ut
1008 1544 1049 1584 in
1081 1542 1291 1601 Kirgislcis
1312 1543 1435 1586 valde
1461 1542 1628 1590 simum,
1674 1540 1743 1584 sed
1766 1557 1843 1600 pro

341 1618 519 1662 corpore
541 1603 678 1644 minus
700 1601 745 1643 ἀ
763 1601 937 1643 rostrum
961 1603 1139 1649 acutius,
1182 1613 1226 1643 ut
1254 1600 1332 1642 hac
1355 1614 1472 1659 parte
1499 1600 1679 1642 reserant
1696 1600 1845 1643 Ovem

340 1663 527 1705 Indicam
557 1675 579 1702 a
614 1662 873 1702 Buri-'omo
912 1660 1032 1701 tertia
1061 1660 1190 1702 leone
1220 1659 1339 1714 (Vol.
1362 1674 1428 1709 23.
1447 1670 1474 1700 t.
1495 1660 1589 1713 36.)
1625 1657 1843 1699 adumbra-

341 1733 437 1764 tam.
495 1720 629 1760 Ama-es
654 1722 850 1770 majores,
886 1717 1073 1765 latiores,
1111 1716 1328 1774 pendulae.
1406 1717 1627 1763 Fulvium,
1666 1713 1843 1771 praeser-

342 1779 416 1821 tim
443 1775 472 1818 s1
494 1773 699 1833 Kirgisico
725 1776 852 1817 ariete
878 1788 1150 1833 generentur,
1182 1775 1277 1816 loco
1300 1773 1455 1816 caudae
1473 1772 1711 1831 parvulum,
1742 1773 1845 1814 utin

340 1834 490 1878 ovibus
514 1833 768 1876 Tarm-orum
794 1832 846 1874 ad
868 1833 1093 1887 jeniseam3
1130 1834 1171 1874 in
1196 1831 1404 1891 plerisque
1423 1845 1528 1873 vero
1552 1829 1682 1871 cauda
1697 1829 1845 1874 oblon-

342 1905 458 1953 gam,
489 1889 692 1948 depressa,
718 1892 904 1948 pinguis,
936 1889 1074 1932 subtus
1094 1889 1216 1937 nuda,
1239 1890 1508 1931 extremitate
1533 1888 1671 1935 tenui,
1697 1888 1844 1937 lanata,

342 1950 457 1994 velut
481 1949 711 2012 appendice
729 1948 927 2004 pendula,
963 1949 1193 1989 terminata.
1263 1947 1388 1987 Vellus
1412 1958 1547 1988 totum
1571 1946 1613 1986 in
1638 1945 1843 1988 adultiori-

341 2008 420 2052 bus
441 2003 737 2052 densissimum,
762 2019 857 2046 cum
875 2004 1108 2046 elasticitate
1128 2004 1267 2053 molle,
1299 2005 1341 2044 in
1361 2000 1683 2061 elegantissimos
1700 2003 1844 2045 circin-

345 2081 423 2109 nos
451 2063 685 2121 crispatum3
722 2063 763 2103 in
787 2062 921 2120 Agnis
946 2062 1115 2103 circinni
1146 2059 1418 2110 minutiffimi,
1458 2060 1693 2110 circulares,
1731 2059 1843 2121 quasi

344 2136 431 2167 arte
451 2118 642 2179 adpreffi,
672 2135 766 2162 cum
784 2132 923 2161 tamen
941 2120 1049 2161 nulla
1064 2131 1150 2161 arte
1167 2118 1352 2161 adhibita
1372 2118 1423 2161 sle
1442 2120 1633 2161 oriantur.
1691 2118 1748 2162 Et
1761 2117 1842 2160 hae

347 2181 518 2243 quidem
540 2178 669 2237 pelles
687 2175 937 2227 nodffimae,
968 2177 1078 2236 apud
1108 2177 1357 2235 Europaeos
1379 2179 1532 2236 pariter
1555 2176 1600 2220 ἃ
1622 2176 1842 2219 orientales

1711 2249 1844 2291 popu·
