2032 2732
691 230 858 290 Qss
974 237 1210 294 (14)
1325 237 1493 297 Qu&

325 332 430 375 puro
455 319 636 363 Naturae
659 321 730 365 sub
757 325 1038 369 moderamine
1064 325 1214 382 felices,
1258 332 1495 373 antecellere
1520 343 1675 387 putant.
1743 333 1853 377 Ilicet

324 377 561 432 Europaeus
576 379 619 420 in
636 382 721 424 acie
739 395 861 425 coeca
878 384 981 426 ibrte
1001 385 1114 428 stabit
1129 388 1345 438 interritus,
1375 389 1437 430 vel
1455 403 1550 430 cum
1568 392 1653 445 pari
1674 391 1851 433 adversa-

323 435 394 499 rio·
409 435 718 500 congredietur,
754 440 905 483 Ursum
933 442 1057 495 solus,
1093 444 1282 500 nudaque
1308 445 1433 486 iai-iffa
1452 460 1628 488 armatus
1646 448 1851 499 invadere,

325 505 414 547 quis
435 505 541 535 mter
559 494 702 538 heroas
718 498 948 541 nostrorum
968 500 1233 556 gladiatorum
1253 500 1368 544 facile
1391 502 1537 544 audet?
1567 504 1618 545 Et
1643 505 1692 545 {ic
1711 503 1796 546 fere
1812 507 1854 547 in

323 551 557 593 universum
582 567 813 609 comparata
836 557 924 598 sunt
950 571 1095 599 eorum
1121 572 1373 614 argumenta,
1405 561 1474 615 qui
1500 561 1655 602 cultum
1681 561 1854 603 subaem-

322 620 414 647 rum
441 621 463 648 a
488 609 618 652 sociali
643 612 881 655 educatione
907 615 1232 670 opinionumque
1254 616 1470 668 tyrannide
1490 619 1675 672 gentium
1696 619 1853 670 statum,
1901 652 1913 655 ⁴

323 664 501 717 miserae,
534 680 578 709 ut
602 682 760 720 vocant,
791 670 1009 713 liberarum
1035 673 1076 713 in
1103 675 1310 713 venatoria
1339 673 1420 714 vita
1444 671 1688 716 familiarum
1716 675 1852 717 condi-

321 723 420 762 tioni
440 734 649 778 tantopere
667 725 912 780 praeferunt.
972 728 1092 786 Qaii
1111 743 1208 770 vero
1226 729 1436 770 consensus
1454 731 1595 772 turbae
1620 731 1850 783 hominum,

322 792 499 834 quorum
519 781 699 835 quilibet,
725 786 937 826 automatis
956 799 1084 840 paene
1101 785 1233 836 instar,
1263 786 1372 826 suam
1392 797 1534 837 artem,
1563 789 1626 829 vel
1647 788 1853 830 scientiam

319 835 384 877 vel
402 838 551 879 mimos
570 837 662 880 scite
681 853 719 880 et
739 840 900 882 solerter
917 842 1079 896 exsequi
1097 855 1118 882 a
1135 842 1282 882 teneris
1301 840 1445 895 doetus
1463 843 1518 883 est
1559 844 1608 886 ad
1632 845 1704 885 alia
1729 845 1853 899 plera-

322 906 402 947 que
421 893 544 935 hebes
561 895 624 935 vel
642 896 822 948 rusticus,
852 899 960 939 vinci
979 898 1043 939 vel
1061 899 1235 953 superari
1255 897 1457 940 colleffim
1474 899 1600 954 poss'et
1617 900 1666 941 ab
1686 901 1851 944 homine

321 949 505 1000 solitario,
545 952 615 1005 qui
643 953 811 994 naturali
837 954 998 1006 robore,
1037 955 1273 997 dexteritate
1300 967 1339 996 et
1365 957 1613 1009 experientia
1642 957 1691 998 ad
1714 960 1851 1000 omnia

322 1005 403 1058 fibi,
435 1006 609 1062 conjugi,
640 1008 775 1052 liberis
792 1010 971 1053 sufficere
990 1011 1138 1054 debet?
1154 1035 1195 1044 -v
1225 1012 1355 1053 Status
1380 1011 1497 1065 hujus
1516 1027 1554 1054 et
1572 1015 1851 1069 praerogativa

321 1062 372 1103 sic
400 1061 515 1106 facile
540 1065 657 1106 cedet
676 1067 919 1122 compositae
939 1069 1005 1115 illi,
1036 1068 1198 1110 coactae
1215 1081 1254 1109 et
1271 1068 1370 1110 heu!
1409 1069 1523 1124 saepe
1542 1084 1666 1124 quam
1684 1072 1850 1113 miserae

308 1131 361 1161 ,et
378 1119 538 1175 ineptae
555 1122 704 1165 socialis
720 1123 838 1169 status
855 1123 1045 1179 felicitati,
1074 1126 1307 1184 elegantiae,
1338 1125 1630 1184 insanientique
1654 1141 1738 1169 non
1762 1142 1851 1170 raro

322 1177 547 1232 sapientiae.

434 1235 620 1291 Apparet
637 1249 772 1281 tamen
790 1254 841 1283 ex
857 1241 1002 1283 iisdem
1019 1240 1233 1301 Belgarum
1252 1239 1512 1282 relationibus
1528 1239 1654 1282 Ursos
1674 1241 1850 1283 marinos

321 1290 499 1334 clamore
525 1306 563 1335 et
586 1293 777 1351 clangore
801 1298 990 1340 tubarum
1015 1295 1130 1339 facile
1157 1298 1363 1347 exterreri,
1399 1312 1439 1339 et
1465 1296 1692 1338 vulneratos
1720 1298 1849 1340 statim

321 1350 438 1392 cursu
463 1351 525 1391 vel
549 1353 723 1393 natando
741 1352 883 1409 fugam
901 1354 1121 1409 capeffere3
1148 1354 1261 1410 quod
1279 1367 1317 1395 et
1334 1354 1501 1395 Sibiriae
1519 1367 1731 1396 venatores
1749 1354 1849 1396 affir-

318 1418 444 1457 mant,
474 1405 657 1449 referunt
673 1410 756 1451 viso
777 1412 970 1466 sanguine
988 1411 1057 1452 suo
1075 1411 1310 1466 praesertim
1330 1412 1470 1452 terreri
1499 1422 1539 1452 et
1556 1410 1848 1453 mirabundum

319 1464 427 1518 quasi
450 1465 555 1506 circa
579 1479 744 1508 cruenta
769 1469 936 1524 vestigia
960 1467 1195 1510 discurrere.
1255 1467 1446 1521 Rui'lique
1472 1467 1542 1522 qui
1568 1469 1609 1508 in
1626 1468 1849 1523 Spizberga

317 1519 598 1574 hybernarunt
623 1521 723 1571 (Lib.
748 1535 826 1566 not.
851 1523 890 1566 k.
915 1525 1035 1566 citato
1051 1540 1099 1578 p.
1126 1527 1211 1576 21.)
1240 1538 1325 1566 non
1347 1523 1541 1566 omnibus
1566 1525 1738 1565 eandem
1771 1525 1847 1566 effe

317 1574 512 1618 ferociam
538 1580 694 1632 experti
721 1579 821 1631 sunt,
853 1582 1039 1635 interque
1064 1581 1208 1623 decem
1226 1581 1350 1623 Ursos
1380 1581 1571 1632 marinos,
1603 1595 1704 1636 quos
1729 1583 1847 1623 trien-

317 1634 387 1674 nio
404 1635 509 1675 circa
527 1636 736 1687 tugurium
754 1637 872 1679 suum
889 1638 1005 1679 hastis
1024 1637 1111 1680 solis
1129 1635 1407 1689 confecerunt,
1426 1638 1659 1693 complures
1677 1638 1728 1681 ad
1744 1640 1849 1680 viro-

318 1703 411 1731 rum
435 1692 734 1733 accurrentium
759 1693 955 1736 clamores
974 1692 1198 1749 fugiebant.
1222 1718 1264 1725 -
1323 1695 1516 1736 Aiierunt
1540 1696 1661 1736 etiam
1686 1708 1845 1737 venato-

317 1760 381 1788 res
404 1746 571 1788 Sibiriae
594 1747 744 1790 Ursum
769 1751 973 1793 marinum
996 1748 1150 1792 facilius
1175 1750 1350 1793 terrestri
1377 1750 1520 1803 occidi,
1551 1765 1723 1807 raroque
1749 1752 1845 1793 duo-

316 1803 392 1845 bus
419 1803 653 1845 vulneribus
679 1805 817 1848 medio
843 1820 988 1848 trunco
1012 1807 1173 1849 inflictis
1191 1808 1462 1862 supervivere.
1522 1808 1690 1849 Habent
1707 1820 1855 1850 tamen'

315 1860 530 1916 Belgarum
550 1861 755 1904 relationes
773 1863 1020 1905 vivaciorem
1037 1864 1126 1915 effe,
1157 1864 1422 1919 pluribusque
1438 1863 1654 1918 aliquando
1672 1864 1840 1906 vulneri-

317 1916 392 1958 bus
421 1917 640 1959 laceratum
665 1932 686 1959 a
711 1919 858 1973 praeda
882 1919 1058 1961 humana
1078 1934 1161 1961 non
1186 1920 1389 1973 destitiffe3
1425 1919 1496 1960 nisi
1522 1920 1600 1962 hoc
1624 1921 1673 1962 ad
1691 1934 1839 1976 augen-

317 1973 419 2015 dum
444 1987 643 2015 terrorem
674 1975 919 2029 scripserant.
985 1976 1163 2019 Eaedem
1186 1976 1335 2020 docent
1359 1978 1496 2017 cranio
1523 1976 1686 2029 trajetto
1712 1978 1841 2021 statim

317 2029 602 2085 procumbere,
640 2032 763 2086 inque
797 2032 971 2072 rostrum
993 2031 1094 2072 istos
1116 2046 1213 2073 cum
1240 2034 1376 2088 rugitu
1399 2034 1604 2075 exanimes
1630 2034 1841 2088 prosterni.

317 2087 377 2128 Et'
396 2087 568 2128 omnino
593 2088 634 2127 in
656 2086 828 2138 juniore,
859 2101 980 2142 quam
1006 2087 1157 2141 hyeme
1185 2089 1272 2135 alui,
1301 2090 1466 2143 percepi
1489 2090 1605 2131 citius
1628 2091 1684 2132 ira
1701 2104 1841 2135 excan-

319 2144 492 2194 descere,
523 2144 687 2199 quando
709 2144 865 2186 levibus
888 2145 931 2186 in
954 2145 1095 2187 nasum
1119 2145 1263 2189 ietibus
1287 2145 1556 2199 lacess'ebatur,
1593 2147 1840 2204 tandemque

1741 2207 1842 2248 indi-
