2032 2732
576 239 754 297 Μιθρῇ*
872 241 891 291 (
949 254 1005 298 47
1064 248 1081 297 )
1198 247 1379 306 Qffi

254 355 255 358 ¹
277 336 486 381 ‘Latitudo
502 335 733 379 eorundem
984 361 1043 369 ..-

1275 368 1333 376 --.
1449 347 1504 393 0Ιο
1538 347 1596 391 lu.
1653 351 1726 395 ,ΣΙΙΙι

281 396 498 438 Diameter
516 391 729 435 foraminis
752 392 980 449 occipitalis
1276 425 1334 431 —-
1450 419 1488 446 0.
1538 419 1571 447 1.
1621 364 1672 449 g?

340 477 398 482 —
513 448 739 492 orbitarum
758 450 945 492 maxima
993 477 1052 483 —
1283 481 1339 490 —
1457 476 1496 503 0.
1545 478 1579 507 ι,
1623 468 1684 513 6:¹5.

277 508 476 553 Latitudo
497 506 669 549 minima
685 505 832 548 frontis
852 507 959 549 inter
973 508 1129 552 orbitas
1288 538 1346 545 ——
1463 534 1502 562 0,
1544 537 1582 573 4,
1627 536 1667 563 0,

337 591 396 596 ——
452 562 609 606 summa
628 564 752 606 cranii
768 563 874 605 inter
900 579 1131 623 zygomata
1289 596 1348 602 -—
1463 590 1503 618 0,
1543 592 1581 631 4,
1603 592 1667 620 10,

288 674 292 675 ⁷
336 648 393 653 ——
451 622 640 662 o'innium
657 621 876 662 molarium
896 620 1013 664 simul
1291 651 1347 658 ——
1465 648 1502 674 ο,
1544 648 1581 676 2.
1627 644 1665 685 8,

278 678 480 722 Distantia
498 679 604 721 inter
622 679 801 721 molares
817 678 972 736 postice
1002 688 1061 711 —'-
1291 709 1349 715 ——
1462 705 1502 732 0,
1549 707 1580 733 1,
1602 706 1664 735 10,

276 735 517 794 Longitudo
534 734 678 778 offium
703 751 808 797 quae
827 752 981 780 cornua
1000 735 1191 782 sustinent
1207 737 1431 784 secundum

418 794 550 836 aciem
570 795 748 836 anticam
765 793 895 837 ducto
912 792 984 838 filo

1291 825 1349 830 —
1470 818 1504 846 1.
1574 836 1583 846 .
1624 821 1663 848 0.

332 877 389 882 ——
449 866 653 892 cornuum
672 866 747 909 per
764 849 968 893 summum
986 867 1127 895 arcum
1290 881 1348 887 ——
1465 875 1503 904 2.
1546 819 1584 904 Ξ
1624 878 1664 918 9.

333 934 390 939 --
447 906 656 950 subtensae
673 923 788 950 arcus
807 924 1009 951 cornuum
1290 939 1348 945 —
1469 933 1503 960 1.
1544 933 1584 972 4,
1623 934 1664 962 0,

218 965 417 1009 Distantia
435 964 579 1009 baseos
599 980 801 1007 cornuum
821 967 927 1009 inter
945 966 1145 1010 frontales
1170 970 1347 1027 angulos
1465 991 1501 1016 0.
1542 991 1581 1018 0.
1627 991 1662 1028 3.

333 1050 389 1054 —-
447 1020 592 1065 baseos
612 1024 653 1064 in
672 1023 816 1065 medio
842 1022 1068 1066 latitudinis
1286 1052 1343 1059 —
1459 1047 1498 1072 0.
1541 1049 1579 1074 0.
1620 1048 1661 1083 5.

334 1107 390 1112 -
506 1105 563 1110 -—
622 1081 729 1122 inter
751 1080 924 1137 posticas
949 1083 1242 1127 convexitates
1285 1110 1343 1116 —-
1459 1103 1500 1131 ο.
1540 1104 1578 1133 2.
1620 1099 1659 1134 6.

327 1163 385 1168 ——
403 1159 420 1172 ι
444 1135 601 1178 summa
619 1152 820 1179 cornuum
836 1138 960 1194 paulo
977 1137 1092 1196 supra
1121 1139 1266 1184 t'ubera
1289 1143 1434 1186 ultima

415 1208 579 1236 cai-mae
708 1220 766 1225 —-
997 1221 1054 1227 —
1284 1225 1342 1230 —
1458 1218 1497 1245 o.
1539 1222 1578 1257 9.
1622 1221 1660 1258 3.

326 1278 385 1284 -—
442 1253 549 1294 inter
565 1257 764 1294 coeuntes
785 1263 1003 1295 extremos
1030 1254 1168 1310 apices
1284 1282 1342 1287 —
1458 1275 1497 1302 0.
1542 1267 1578 1304 6.
1621 1279 1658 1316 9,

269 1308 618 1353 Circumferentia
636 1306 780 1352 baseos
993 1336 1050 1341 —
1282 1338 1339 1345 -—
1449 1317 1496 1361 ⁴0.
1540 1333 1578 1369 7.
1622 1331 1658 1366 8.

268 1367 471 1411 Latitudo
486 1364 626 1408 baseos
641 1380 844 1409 cornuum
993 1393 1051 1399 ——-
1283 1396 1340 1402 ——
1457 1391 1495 1417 0.
1542 1391 1578 1427 3.
1627 1394 1657 1419 x,

266 1421 475 1468 Craffities
495 1423 652 1465 summa
668 1424 720 1466 ad
741 1423 852 1467 basin
995 1451 1052 1456 —
1284 1454 1342 1459 ——
1459 1448 1496 1474 0.
1542 1449 1577 1476 1.
1594 1446 1610 1474 1
1625 1450 1658 1477 1.

269 1481 474 1529 Distantia
487 1495 691 1528 cornuum
709 1482 936 1539 a-margine
955 1482 1117 1525 orbitae
1277 1511 1335 1516 —
1456 1504 1495 1531 0.
1536 1507 1577 1533 ο.
1617 1508 1655 1544 9.,

267 1539 509 1596 Longitudo
526 1538 722 1580 maxissae
747 1539 818 1584 inf.
837 1538 888 1582 ab
904 1540 1058 1597 angulo
1075 1540 1127 1582 ad
1151 1541 1339 1585 alveolos
1458 1562 1495 1590 0.
1535 1553 1574 1591 6.
1597 1564 1611 1590 1
1626 1560 1686 1601 Ῑ-ὲ.

268 1596 462 1641 Altitudo
478 1610 690 1638 ramorum
708 1595 759 1639 ab
776 1612 825 1639 an
861 1597 930 1638 ulo
947 1597 999 1639 acl
1016 1598 1224 1654 condylos
1283 1625 1340 1630 —
1457 1617 1495 1645 0.
1538 1619 1576 1647 2.
1618 1620 1653 1648 2.

325 1658 383 1685 ἐ-
438 1654 490 1696 ad
508 1653 691 1695 summos
707 1611 914 1712 proceffl'us
928 1656 1208 1698 coronoideos
1280 1682 1338 1688 -—
1454 1675 1493 1703 0.
1539 1677 1575 1715 3.
1614 1679 1654 1717 9.

265 1711 514 1769 Longitudo
533 1711 756 1753 molarium
772 1713 963 1754 omnium
979 1710 1095 1754 simul
1281 1739 1339 1746 —-
1454 1733 1493 1761 0.
1536 1734 1573 1762 2.
1590 1734 1654 1764 10.

321 1795 378 1800 ——
435 1768 653 1811 incisorum
671 1781 789 1811 extra
805 1769 991 1812 alveolos
1281 1798 1339 1803 —-
1454 1789 1493 1817 ο.
1533 1791 1574 1819 0.
1618 1789 1680 1831 9}-

263 1825 464 1869 Latitudo
479 1827 668 1868 omnium
688 1825 906 1869 incisorum
923 1824 1037 1868 fimul
1455 1847 1495 1878 ο.
1539 1848 1600 1876 1.1
1615 1851 1649 1877 1.

320 1887 539 1940 Aegagrus
558 1884 630 1926 iste
649 1899 732 1925 non
749 1883 878 1926 solum
896 1885 938 1925 in
955 1882 1251 1927 excelsioribus
1273 1886 1443 1930 Caucasi
1455 1920 1467 1937 ‚
1494 1891 1606 1934 unde
1620 1906 1708 1934 cor·=

208 1954 289 1982 nua
313 1942 446 1983 adlata
469 1942 574 1992 vicli,
619 1943 837 1999 Taurique
858 1943 965 2000 Jugis
981 1943 1106 1991 vivit,
1145 1942 1417 2003 Kirgifiisque
1442 1948 1708 1992 Nomadibus

209 2012 376 2058 quoque
398 2010 521 2040 notus
550 1998 626 2044 est,
665 1997 735 2041 secl
750 2000 914 2041 videtur
936 2000 979 2040 in
1011 1999 1240 2056 Europaeis
1267 2017 1434 2066 quoque
1465 2005 1626 2063 alpibus
1649 2019 1706 2050 et·

206 2056 392 2098 iamnum
413 2055 522 2097 ferus
537 2057 693 2099 vivere.
753 2058 865 2099 Hinc
881 2056 989 2099 forte
1007 2055 1227 2099 audlorum
1249 2075 1355 2102 circa
1379 2060 1537 2104 lbicem
1563 2062 1704 2112 dissenf

207 2111 269 2155 sus
287 2112 331 2155 <Sc
354 2115 522 2156 iconum
533 2117 631 2165 ejus,
655 2129 755 2172 quas
770 2130 809 2157 v.
821 2130 880 2173 gr.
899 2116 1005 2157 inter
1021 2112 1206 2157 celebres
1238 2117 1555 2173 Riaz'irzgerianas
1570 2126 1588 2175 (
1599 2136 1704 2180 quae

206 2170 310 2214 mihi
325 2171 376 2215 ad
398 2174 647 2230 Aegagrum
663 2173 837 2217 omnino
854 2173 1062 2231 pertinere
1080 2172 1317 2227 videntur),
1345 2175 1471 2236 inque
1479 2177 1611 2220 Ichno
1645 2194 1703 2221 ra-

1595 2250 1623 2293 p
1639 2251 1704 2281 ms
