2032 2732
777 213 935 273 Ώ-ἣᾱὲ
1019 216 1168 274 (26)
1255 213 1412 287 Ὠῆἀῖ

302 329 342 361 te
363 313 554 360 ferendus
574 315 693 358 etiam
711 314 776 367 iis,
808 316 877 370 qui
895 313 1150 371 aTybetano
1159 314 1328 358 Moscho
1348 313 1631 369 offenduntur,
1661 317 1743 359 imo
1758 317 1893 360 animo

302 375 552 430 linquuntur.
609 373 780 414 Materia
798 371 885 414 satis
904 375 982 415 cito
1000 372 1221 416 exsiccatur
1241 375 1279 415 in
1301 372 1486 416 folliculis
1500 406 1510 421 ,
1540 385 1709 429 tumque
1730 373 1895 415 friabilis

305 432 381 484 est,
413 429 591 486 sanguini
611 427 787 484 grunoso
808 432 975 471 omnino
993 430 1143 483 fimilis,
1179 430 1323 472 coloris
1335 429 1897 486 semperbruneo-nigrescen-

302 490 375 544 tis,
407 486 573 539 sordidi,
603 486 725 542 gustu
742 482 929 528 refinoso-
943 486 1165 541 moschata,
1196 488 1338 530 leviter
1354 487 1614 533 amorescens.
1672 489 1715 530 In
1740 488 1894 543 Spiritu

304 547 381 588 vini
401 558 545 600 parum
558 577 567 595 ,
594 545 756 599 largiter
775 546 813 585 in
834 557 936 599 aqua
955 544 1173 600 digestione
1192 544 1356 587 solvitur
1373 544 1458 598 ejus
1470 544 1625 587 effemia
1635 543 1895 601 fragrantior,

305 615 409 657 quae
428 599 576 643 intense
596 599 710 642 fulvo
733 601 869 643 colore
889 602 1066 657 liquores
1086 604 1220 658 tingit,
1252 603 1294 644 &
1315 600 1505 657 inspiffata
1536 601 1764 645 extrafihim
1783 615 1894 657 prae-

305 659 376 701 bet
393 658 516 700 odore
532 660 660 713 magis
679 657 883 700 moschato
904 658 1143 714 praeditum.
1216 658 1294 700 Sed
1322 661 1387 701 vix
1416 658 1554 701 ofitava
1582 659 1774 715 ponderis
1799 672 1894 715 pars

306 714 481 758 solubilis
500 716 566 757 est.
626 715 801 773 Quando
821 713 938 770 supra
957 716 1371 771 Phengitislamellam
1383 718 1526 768 uritur,
1546 715 1782 770 intumescit,
1799 716 1895 758 odo·
1934 768 1937 769 ⁷

306 787 393 823 rem
412 774 588 828 primum
608 769 779 824 moschi,
810 772 899 814 dein
917 771 1116 814 foetorem
1134 775 1525 828 empyreumaticum
1545 772 1693 829 spargit
1718 775 1759 816 &
1786 772 1894 815 exsu-

306 830 374 873 dat
394 830 482 871 oleo
502 831 628 879 tenui,
659 827 816 870 fortiter
835 827 1061 881 moschato,
1090 828 1346 882 flavescente,
1385 828 1548 884 copioso
1578 831 1754 872 carbone
1773 832 1893 885 nigro

303 886 454 930 reliE'to.
473 910 528 918 —-
583 885 775 928 Viliffimo
795 888 914 941 igitur
931 888 1062 940 pretio
1080 884 1245 928 folliculi
1272 899 1487 941 captorum
1515 889 1555 927 in
1579 886 1722 929 Sibiria
1747 889 1893 929 anima-

304 945 402 987 lium
422 941 664 985 venduntur.
721 942 826 983 Olim
845 942 895 983 ad
915 942 1070 984 Lenam
1089 941 1197 985 denis
1216 943 1375 984 hastulis
1394 946 1516 999 (quae
1528 944 1583 986 est
1593 944 1779 999 vigefima
1799 957 1892 999 pars

303 1001 497 1044 Rublonis
517 999 664 1051 suffici)
682 998 1149 1054 redimebantursinguli.
1206 1000 1343 1042 Postea
1356 1013 1429 1055 per
1439 999 1749 1056 frequentiorem
1760 1001 1895 1043 Sinen·

305 1057 407 1099 fium
429 1068 697 1098 mercaturam
719 1059 894 1111 pretium
914 1055 1052 1098 senfim
1071 1056 1236 1099 anetum
1254 1058 1326 1110 est,
1358 1070 1403 1099 ut
1420 1071 1528 1099 nunc
1547 1060 1586 1099 in
1604 1058 1694 1100 loco
1715 1060 1893 1113 triginta,

309 1115 351 1157 δί
369 1113 480 1168 quod
497 1115 694 1165 excurrit,
724 1113 886 1155 hastulis
904 1127 1117 1166 vaeneant,
1157 1115 1195 1155 in
1220 1114 1415 1169 Emporio
1445 1114 1596 1156 Sinensi
1623 1118 1741 1157 etiam
1767 1115 1894 1171 duplo

307 1172 479 1226 triplove
500 1170 590 1226 plus
608 1171 874 1212 aestimentur.
933 1171 1135 1226 Insignem
1153 1172 1258 1212 enim
1277 1171 1425 1212 horum
1442 1170 1714 1214 folliculorum
1732 1176 1893 1228 copiam

307 1234 499 1271 coemunt
515 1226 715 1278 Sinenses,
747 1229 957 1270 certiffime
977 1232 1126 1270 eumin
1144 1227 1285 1281 finem,
1317 1241 1361 1270 ut
1378 1226 1510 1270 fatuos
1528 1229 1614 1270 illos
1641 1229 1893 1272 diuturniore

307 1300 400 1328 cum
413 1284 641 1340 Tybetanis
653 1283 839 1326 folliculis
858 1298 990 1337 mora,
1020 1285 1084 1326 vel
1106 1284 1246 1327 inserta
1265 1286 1382 1327 etiam
1401 1286 1602 1327 nobilioris
1629 1285 1785 1328 Moschi
1804 1299 1893 1341 par-

305 1343 425 1385 ticula
443 1342 568 1384 odore
588 1340 780 1393 saturent,
811 1342 852 1383 &
869 1355 945 1397 pro
965 1343 1143 1397 genuino
1168 1340 1339 1384 Moscho
1369 1340 1444 1383 suis
1470 1343 1511 1384 &
1538 1343 1893 1385 nostratibuscaro

305 1402 437 1456 pretio
457 1399 690 1453 rependant.
746 1399 796 1440 Et
813 1399 922 1440 hunc
942 1398 1106 1454 quidem
1123 1398 1419 1441 adulterationis
1437 1398 1607 1441 modum
1626 1400 1744 1442 hodie
1765 1400 1893 1442 solum

303 1471 326 1498 a
346 1456 447 1497 Sinis
469 1455 758 1497 mercatoribus
777 1458 951 1497 exerceri
971 1455 1229 1508 crediderim,
1257 1458 1532 1498 nocentiorem
1544 1457 1891 1512 quidemillo,quo

304 1511 619 1568 Tunquinenses
639 1513 679 1553 8<
697 1512 889 1553 Tibetani
910 1512 1126 1567 plumbum
1145 1513 1209 1554 vel
1230 1513 1383 1568 lapillos
1403 1514 1723 1564 (KuNDMANNo
1743 1515 1783 1555 &
1803 1514 1891 1556 TA-

310 1583 536 1612 vERNJERo
555 1569 737 1620 testibus)
756 1568 939 1611 folliculis
961 1583 1038 1625 pro
1056 1570 1245 1625 augendo
1268 1569 1448 1625 pondere
1464 1569 1658 1623 inserunt,
1690 1569 1820 1625 ipsum
1840 1584 1892 1612 ta-

305 1640 401 1668 men
420 1624 632 1667 Moschum
651 1629 874 1681 genuinum
893 1628 1146 1682 praestantes.
1163 1651 1220 1657 -—
1276 1627 1357 1668 Vix
1382 1639 1514 1668 tamen
1543 1640 1644 1681 puto
1668 1628 1892 1669 adtentiori-

304 1683 382 1725 bus
403 1683 724 1738 pharmacopolis
742 1683 793 1724 {ic
810 1685 962 1738 imponi
982 1683 1112 1739 posle,
1145 1683 1474 1739 quandoquidem
1498 1682 1663 1725 folliculi
1682 1684 1892 1740 Tybetani

306 1741 548 1796 plerumque
569 1740 673 1781 mole
691 1740 732 1781 8(
750 1740 1015 1795 plenitudine,
1056 1741 1269 1796 insigniore
1296 1743 1469 1782 contenti
1496 1740 1646 1783 moschi
1673 1738 1892 1797 unguinosi-

306 1805 408 1849 mz‘e,
441 1798 613 1838 maxime
631 1810 730 1839 vero
749 1797 893 1849 odore,
925 1800 995 1852 qui
1013 1797 1195 1840 violentia
1219 1795 1286 1839 sua
1303 1811 1425 1852 caput
1445 1810 1588 1849 tentat,
1618 1811 1639 1837 a
1659 1796 1889 1851 spuriisistis

307 1853 618 1907 distinguuntur.
635 1877 691 1883 —
743 1854 926 1909 Plerique
945 1867 1152 1896 venatores
1171 1855 1210 1895 in
1231 1854 1371 1895 Sibiria
1389 1853 1606 1905 folliculos,
1627 1867 1785 1908 praeter
1803 1867 1892 1909 par-

307 1922 388 1952 tem
410 1908 552 1963 pilosae
571 1910 682 1964 pellis
701 1913 803 1952 circa
820 1911 1016 1952 orificium
1035 1911 1218 1952 adnatam
1232 1944 1241 1961 ‚
1274 1910 1470 1964 depurare
1481 1908 1624 1961 solent,
1654 1911 1889 1953 utsintsimi-

306 1966 364 2009 les
381 1966 621 2021 Tybetanis.
678 1967 840 2008 Horum
861 1969 1000 2021 viginti
1022 1966 1085 2008 sex
1104 1967 1196 2021 plus
1215 1968 1345 2007 minus
1367 1966 1534 2008 Libram
1548 1967 1745 2008 medicam
1763 1967 1890 2009 effice·

305 2037 349 2065 re
369 2022 512 2073 solent,
543 2036 643 2077 quae
664 2026 792 2077 quinis
813 2026 968 2065 circiter
988 2022 1238 2064 Rublonibus
1259 2023 1498 2070 aestimatur,
1563 2024 1683 2065 Multi
1699 2039 1799 2066 vero
1817 2023 1889 2066 fol-

305 2080 418 2178 henld
430 2094 451 2121 a
468 2079 679 2177 Tsuiligusis
699 2092 793 2121 cum
810 2080 951 2136 infigni
971 2078 1080 2122 scuto
1097 2080 1211 2136 pellis
1230 2080 1447 2133 siccantur,
1477 2082 1584 2136 iique
1604 2095 1787 2135 numero,
1805 2094 1889 2123 non

307 2151 390 2193 pon
423 2150 488 2178 ere
528 2151 551 2177 o
568 2149 634 2178 ent
650 2150 740 2178 emi.

420 2201 485 2243 De
505 2201 669 2242 utilitate
687 2199 842 2242 Moschi
861 2199 1015 2243 medica
1032 2215 1152 2257 agere
1178 2215 1311 2255 neque
1330 2200 1450 2252 hujus
1469 2201 1545 2242 loci
1564 2201 1631 2254 est,
1651 2216 1724 2244 nec
1741 2215 1890 2257 propo-

307 2256 376 2302 sui.
433 2259 718 2315 Antiquiorem
742 2256 857 2302 usum
882 2257 1160 2315 cosmeticum,
1196 2259 1539 2316 aphrodifiacum,
1565 2271 1641 2307 cet,
1669 2260 1888 2360 quooapud

1578 2343 1580 2346 -
1788 2330 1888 2361 rien-
