2032 2732
705 223 883 279 Qffl
1006 196 1209 277 tm>
1329 220 1510 278 Qffl

364 323 582 368 exiliores,
607 334 733 379 quam
752 335 828 376 pro
851 318 963 361 mole
986 318 1193 376 corporis,
1223 315 1293 360 sed
1320 316 1632 365 macrochelos3
1663 319 1866 363 thoracem

365 382 499 439 magis
517 377 712 438 gibbum3
728 378 912 434 firotztm
929 392 1146 436 magnum,
1177 376 1426 434 pendulum,
1460 380 1671 431 praeputio
1697 391 1866 435 quoque

365 440 485 497 saepe
502 436 714 495 insigniter
728 437 1018 493 prominente,
1046 434 1090 477 ἀ
1107 436 1243 477 lanam
1266 433 1356 476 satis
1380 447 1550 477 tenuem
1576 434 1769 494 quidem,
1800 434 1869 477 sed

363 497 540 543 hirtam,
568 494 804 552 crebrisque
822 494 916 551 pilis
934 493 1242 540 intermixtam,
1273 493 1359 534 imo
1375 491 1495 550 saepe
1522 490 1587 534 his
1613 493 1867 549 paueiorem‚

362 555 601 616 praesertim
617 553 659 594 in
679 552 807 602 collo,
835 550 905 593 sub
924 549 1098 593 thorace
1112 583 1122 599 ,
1148 551 1254 592 circa
1272 549 1428 608 postica
1449 551 1635 607 corporis
1659 548 1704 592 ὗε
1725 550 1767 591 in
1781 550 1867 605 pul-

365 615 507 657 vinari
535 609 691 653 caudae
714 607 980 651 succedaneo.
1006 613 1048 661 n).
1108 609 1274 650 Bulaeus
1300 608 1483 666 denique
1509 606 1726 656 omnibus,
1753 621 1870 665 prae·

364 671 502 715 sertim
522 668 745 722 majoribus
766 668 905 725 gravis
924 665 968 708 <Sc
986 665 1096 724 quali
1114 665 1329 713 vitulinus,
1343 663 1601 707 breviffimus
1617 664 1868 708 observatur.

482 735 532 777 In
554 732 619 775 his
635 732 806 790 quidem
823 728 1169 788 generalioribus,
1200 728 1437 787 praesertim
1458 729 1765 773 deformatione
1781 745 1872 773 cau-

370 795 449 838 dae
474 791 519 835 &
543 789 707 833 auribus
736 788 948 846 pendulis,
988 803 1142 846 greges
1165 802 1315 829 omnes
1341 788 1622 838 conveniunt,
1659 803 1760 846 quas
1783 790 1870 831 No-

369 850 514 894 mades
538 846 789 890 diversarum
814 845 1019 888 Gentium
1037 845 1159 887 Asiae
1179 843 1395 902 poffident.
1455 844 1541 887 Sed
1561 846 1694 886 varlas
1720 861 1743 887 a
1766 858 1870 889 tem-

370 909 486 968 perie
505 906 620 952 coeli,
650 903 825 962 pascuis,
857 903 1028 961 aliisque
1043 901 1169 944 causis
1186 903 1254 943 vel
1281 904 1436 944 cultura
1464 902 1574 960 apud
1601 904 1734 945 varias
1753 902 1873 945 hasce

371 978 520 1025 gentes
538 963 791 1004 mutationes
815 958 948 1019 passae
975 959 1065 1002 sunt
1085 959 1128 1001 <Sc
1158 959 1208 1001 ad
1233 957 1379 1002 Ruffos
1406 960 1626 1003 translatae
1653 962 1873 1018 patiuntur,

371 1027 419 1067 ln
438 1021 631 1065 Tatariae
648 1033 826 1078 magnae
846 1016 1014 1060 desertis
1033 1016 1382 1066 occidentalibus,
1413 1032 1437 1059 a
1455 1017 1592 1075 Volga
1606 1017 1731 1078 usque
1747 1018 1800 1061 ad
1817 1019 1874 1061 Ir-

369 1084 427 1124 tin
451 1079 496 1122 ἃ
513 1079 720 1122 Alta'i'cum
736 1080 900 1134 jugum,
927 1076 1073 1133 pascua
1101 1078 1333 1117 maximam
1351 1087 1513 1133 partem
1540 1076 1628 1118 sunt
1646 1074 1875 1125 aridiffima‚

372 1137 584 1183 abundant
601 1134 837 1178 vernalibus
853 1134 1022 1192 plantis,
1053 1132 1214 1175 acribus
1230 1146 1353 1192 atque
1373 1134 1561 1181 liliaceis3
1591 1133 1732 1190 postea
1750 1133 1870 1176 aesta-

372 1211 436 1245 te,
466 1197 508 1237 in
526 1195 642 1237 elatis
661 1193 783 1240 locis,
814 1206 921 1250 quae
950 1192 1138 1234 maxime
1166 1191 1397 1248 lanigerum
1421 1206 1547 1248 pecus
1579 1202 1713 1239 amat,
1755 1205 1872 1249 prae-

372 1268 435 1297 ter
449 1249 655 1296 sicciffima
670 1250 878 1308 gramina,
908 1248 1028 1306 stipas
1047 1247 1292 1307 similiaque,
1321 1249 1377 1290 nil
1406 1246 1477 1289 nisi
1498 1248 1737 1291 Artemisias
1761 1263 1871 1292 ama-

373 1327 456 1362 ras,
492 1309 761 1356 aromaticam,
804 1306 1185 1364 Camphorosmam
1211 1307 1255 1348 ἃ
1286 1304 1461 1348 Saisolas
1494 1305 1613 1347 succo
1644 1305 1689 1347 <Sc
1725 1305 1872 1350 salibus

372 1368 630 1412 abundantes
648 1364 818 1408 servant.
878 1363 1053 1424 Ubique
1067 1362 1182 1405 simul
1200 1361 1411 1406 abundant
1428 1363 1598 1405 lacunae
1608 1362 1785 1412 natroso,
1805 1380 1873 1406 cu-

372 1427 511 1476 linari,
537 1422 890 1483 glauberianoque
903 1420 981 1463 sale
997 1418 1314 1469 efflorescentes,
1331 1420 1375 1463 ἃ
1393 1435 1524 1479 aquae
1553 1422 1595 1465 in
1618 1421 1785 1463 desertis
1808 1423 1873 1464 iis-

377 1486 475 1527 dem
489 1496 627 1529 rarae,
653 1480 899 1539 plerumque
922 1480 1067 1521 iisdem
1081 1478 1227 1521 salibus
1250 1477 1378 1521 foetae
1393 1477 1493 1520 sunt.
1554 1477 1678 1529 Quae
1703 1479 1875 1538 quidem

374 1542 518 1585 omnia
533 1540 680 1581 ovium
694 1538 978 1595 corpulentiae
994 1538 1182 1579 maxime
1206 1538 1435 1579 convenire
1452 1536 1634 1593 pastores
1658 1536 1871 1594 Europaei

375 1612 544 1659 quoque
560 1608 724 1639 norunt.
740 1621 799 1626 —
858 1594 1036 1637 Accedit
1057 1596 1169 1637 vitae
1195 1609 1330 1653 genus
1352 1594 1396 1636 ἃ
1425 1594 1599 1636 cultura:
1631 1593 1680 1636 In
1696 1594 1797 1636 locis
1815 1595 1875 1637 vi-

373 1658 524 1701 delicet
540 1655 726 1696 maxime
741 1651 995 1700 australibus,
1027 1653 1096 1695 vel
1117 1653 1277 1695 ratione
1292 1651 1392 1704 situs
1405 1652 1702 1694 intermontani
1716 1663 1878 1710 tempe-

374 1728 462 1758 rata
476 1713 636 1770 hyeme
656 1709 933 1770 gaudentibus
951 1725 1045 1752 cum
1070 1709 1270 1767 gregibus
1290 1708 1334 1751 <Sc
1349 1721 1540 1752 armento
1557 1707 1798 1766 hybernare
1815 1709 1875 1752 so-

376 1774 463 1816 lent
480 1770 710 1813 Nomades.
769 1768 968 1810 Brumam
985 1767 1044 1810 ibi
1062 1767 1272 1809 fineemni
1288 1766 1500 1815 ferecura,
1530 1765 1613 1808 sine
1630 1766 1769 1814 testo,
1799 1765 1873 1808 nisi

377 1829 492 1890 quod
510 1825 692 1885 depressa
715 1827 806 1868 loca
834 1826 903 1868 vel
928 1825 1170 1868 arundineta
1194 1823 1384 1882 praebet,
1409 1824 1594 1881 pecudes
1619 1823 1777 1872 ferunt,
1807 1822 1874 1866 fic-

378 1890 436 1930 cis
454 1886 616 1928 aluntur
631 1884 834 1931 caulibus,
863 1884 1136 1940 maximeque
1154 1881 1418 1924 semivirente
1430 1879 1670 1929 Absmthio,
1699 1882 1815 1940 quod
1831 1884 1874 1923 in

377 1944 500 1987 editis
526 1943 647 1989 locis,
688 1952 818 1982 vento
843 1941 988 1981 nivem
1012 1951 1225 1986 verrente,
1256 1937 1419 1980 facilem
1446 1938 1608 1981 vitium
1634 1937 1876 1996 suppeditat.

376 2002 493 2045 Hinc
509 2014 639 2042 verno
660 2010 854 2054 tempore
871 1997 914 2038 in
936 1994 1146 2039 laetiffima
1162 1994 1452 2053 pullulantibus
1469 1996 1618 2053 plantis
1637 1996 1681 2038 ὗε
1703 1996 1875 2039 floribus

1732 2054 1878 2112 pascua

421 2154 462 2193 u)
484 2153 611 2184 Caudam
625 2161 711 2181 nemo
726 2152 926 2192 appellaverit,
945 2151 1025 2181 unde
1043 2153 1068 2181 8(
1086 2150 1159 2181 Ruffi
1174 2160 1280 2181 nomen
1297 2149 1437 2180 diversum
1452 2154 1466 2180 a
1485 2149 1566 2179 solito
1583 2148 1628 2179 sua
1646 2150 1744 2189 lingua
1760 2137 1874 2188 adopta-

461 2204 527 2226 runt
545 2196 569 2224 &
592 2195 769 2233 appellarunt
791 2193 839 2222 lias
860 2194 954 2223 clunes
975 2194 1073 2223 ovium
1095 2193 1237 2231 Kurdjuk,
1259 2193 1337 2231 quod
1354 2201 1449 2222 tamen
1468 2191 1579 2221 nonnili
1598 2193 1744 2222 tami-icum
1760 2192 1876 2226 ls'uimk,

461 2237 579 2268 caudam
593 2236 623 2266 in
639 2246 743 2275 genere
759 2234 874 2270 sonam,
897 2236 925 2266 iu
938 2234 1091 2275 specialiori
1106 2235 1264 2275 significatu
1278 2234 1440 2265 adsumtum
1461 2234 1514 2264 effe
1536 2233 1654 2264 videtur.
