<?xml version="1.0" encoding="UTF-8"?>
<!DOCTYPE html PUBLIC "-//W3C//DTD XHTML 1.0 Transitional//EN"
    "http://www.w3.org/TR/xhtml1/DTD/xhtml1-transitional.dtd">
<html xmlns="http://www.w3.org/1999/xhtml" xml:lang="en" lang="en">
 <head>
  <title>
</title>
<meta http-equiv="Content-Type" content="text/html;charset=utf-8" />
  <meta name='ocr-system' content='tesseract 3.04.00' />
  <meta name='ocr-capabilities' content='ocr_page ocr_carea ocr_par ocr_line ocrx_word'/>
</head>
<body>
  <div class='ocr_page' id='page_1' title='image "./spicilegiazoolog914pall_0358.png"; bbox 0 0 2032 2732; ppageno 0'>
   <div class='ocr_carea' id='block_1_1' title="bbox 786 187 1399 270">
    <p class='ocr_par' dir='ltr' id='par_1_1' title="bbox 786 187 1399 270">
     <span class='ocr_line' id='line_1_1' title="bbox 786 187 1399 270; baseline -0.002 0"><span class='ocrx_word' id='word_1_1' title='bbox 786 210 942 270; x_wconf 48' lang='lat' dir='ltr'>aaa&amp;</span> <span class='ocrx_word' id='word_1_2' title='bbox 1025 187 1157 268; x_wconf 55' lang='grc' dir='ltr'>(ἑὸ)</span> <span class='ocrx_word' id='word_1_3' title='bbox 1243 211 1399 269; x_wconf 42' lang='lat' dir='ltr'>aa&amp;</span> 
     </span>
    </p>
   </div>
   <div class='ocr_carea' id='block_1_2' title="bbox 305 309 1892 2078">
    <p class='ocr_par' dir='ltr' id='par_1_2' title="bbox 305 309 1888 1273">
     <span class='ocr_line' id='line_1_2' title="bbox 307 309 1880 366; baseline 0 -11"><span class='ocrx_word' id='word_1_4' title='bbox 307 313 398 355; x_wconf 75' lang='lat' dir='ltr'>inde</span> <span class='ocrx_word' id='word_1_5' title='bbox 417 314 519 353; x_wconf 84' lang='lat' dir='ltr'>eirca</span> <span class='ocrx_word' id='word_1_6' title='bbox 536 309 735 366; x_wconf 83' lang='lat' dir='ltr'>Jeniseam</span> <span class='ocrx_word' id='word_1_7' title='bbox 762 309 929 353; x_wconf 80' lang='lat' dir='ltr'>fluvium</span> <span class='ocrx_word' id='word_1_8' title='bbox 957 312 1151 363; x_wconf 81' lang='lat' dir='ltr'>occurrit,</span> <span class='ocrx_word' id='word_1_9' title='bbox 1182 310 1224 353; x_wconf 83' lang='lat'>&amp;</span> <span class='ocrx_word' id='word_1_10' title='bbox 1247 309 1326 363; x_wconf 84' lang='lat' dir='ltr'>jam</span> <span class='ocrx_word' id='word_1_11' title='bbox 1353 311 1450 352; x_wconf 86' lang='lat' dir='ltr'>citra</span> <span class='ocrx_word' id='word_1_12' title='bbox 1472 310 1588 362; x_wconf 87' lang='lat' dir='ltr'>illud,</span> <span class='ocrx_word' id='word_1_13' title='bbox 1620 312 1658 354; x_wconf 89' lang='lat' dir='ltr'>in</span> <span class='ocrx_word' id='word_1_14' title='bbox 1682 312 1880 355; x_wconf 81' lang='lat' dir='ltr'>montanis</span> 
     </span>
     <span class='ocr_line' id='line_1_3' title="bbox 309 366 1883 423; baseline 0.001 -13"><span class='ocrx_word' id='word_1_15' title='bbox 309 372 412 411; x_wconf 86' lang='lat' dir='ltr'>circa</span> <span class='ocrx_word' id='word_1_16' title='bbox 428 368 531 421; x_wconf 85' lang='lat' dir='ltr'>Yjus</span> <span class='ocrx_word' id='word_1_17' title='bbox 549 368 589 409; x_wconf 64' lang='lat'>81</span> <span class='ocrx_word' id='word_1_18' title='bbox 609 367 855 409; x_wconf 83' lang='lat' dir='ltr'>Abakanum</span> <span class='ocrx_word' id='word_1_19' title='bbox 874 366 1038 419; x_wconf 84' lang='lat' dir='ltr'>fluvios,</span> <span class='ocrx_word' id='word_1_20' title='bbox 1070 366 1184 410; x_wconf 85' lang='lat' dir='ltr'>latius</span> <span class='ocrx_word' id='word_1_21' title='bbox 1211 366 1248 410; x_wconf 91' lang='lat' dir='ltr'>se</span> <span class='ocrx_word' id='word_1_22' title='bbox 1274 366 1471 410; x_wconf 78' lang='lat' dir='ltr'>diffundit.</span> <span class='ocrx_word' id='word_1_23' title='bbox 1549 368 1665 410; x_wconf 87' lang='lat' dir='ltr'>Ultra</span> <span class='ocrx_word' id='word_1_24' title='bbox 1683 369 1713 423; x_wconf 83' lang='lat' dir='ltr'>J</span> <span class='ocrx_word' id='word_1_25' title='bbox 1716 369 1883 412; x_wconf 86' lang='lat' dir='ltr'>eniseam</span> 
     </span>
     <span class='ocr_line' id='line_1_4' title="bbox 307 422 1883 480; baseline 0.001 -14"><span class='ocrx_word' id='word_1_26' title='bbox 307 439 426 475; x_wconf 80' lang='lat' dir='ltr'>vero,</span> <span class='ocrx_word' id='word_1_27' title='bbox 458 425 527 466; x_wconf 84' lang='lat' dir='ltr'>ubi</span> <span class='ocrx_word' id='word_1_28' title='bbox 553 425 627 466; x_wconf 85' lang='lat' dir='ltr'>late</span> <span class='ocrx_word' id='word_1_29' title='bbox 656 436 764 479; x_wconf 76' lang='lat' dir='ltr'>patet</span> <span class='ocrx_word' id='word_1_30' title='bbox 794 422 1076 479; x_wconf 80' lang='lat' dir='ltr'>sylvaticorurn</span> <span class='ocrx_word' id='word_1_31' title='bbox 1112 427 1309 466; x_wconf 89' lang='lat' dir='ltr'>montium</span> <span class='ocrx_word' id='word_1_32' title='bbox 1345 426 1578 480; x_wconf 79' lang='lat' dir='ltr'>imperium,</span> <span class='ocrx_word' id='word_1_33' title='bbox 1618 438 1692 480; x_wconf 89' lang='lat' dir='ltr'>per</span> <span class='ocrx_word' id='word_1_34' title='bbox 1719 439 1883 468; x_wconf 91' lang='lat' dir='ltr'>omnem</span> 
     </span>
     <span class='ocr_line' id='line_1_5' title="bbox 307 479 1885 537; baseline 0.001 -15"><span class='ocrx_word' id='word_1_35' title='bbox 307 479 650 534; x_wconf 76' lang='lat' dir='ltr'>Krafiiojarensem</span> <span class='ocrx_word' id='word_1_36' title='bbox 667 481 855 522; x_wconf 73' lang='lat' dir='ltr'>ditionem</span> <span class='ocrx_word' id='word_1_37' title='bbox 873 483 1044 522; x_wconf 74' lang='lat' dir='ltr'>maxima</span> <span class='ocrx_word' id='word_1_38' title='bbox 1062 481 1208 522; x_wconf 86' lang='lat' dir='ltr'>horum</span> <span class='ocrx_word' id='word_1_39' title='bbox 1226 482 1453 523; x_wconf 88' lang='lat' dir='ltr'>animalium</span> <span class='ocrx_word' id='word_1_40' title='bbox 1473 483 1608 536; x_wconf 86' lang='lat' dir='ltr'>copia,</span> <span class='ocrx_word' id='word_1_41' title='bbox 1641 481 1682 523; x_wconf 67' lang='lat'>81</span> <span class='ocrx_word' id='word_1_42' title='bbox 1699 484 1801 524; x_wconf 87' lang='lat' dir='ltr'>inter</span> <span class='ocrx_word' id='word_1_43' title='bbox 1817 483 1885 537; x_wconf 85' lang='lat' dir='ltr'>Je-</span> 
     </span>
     <span class='ocr_line' id='line_1_6' title="bbox 307 536 1887 594; baseline 0.001 -15"><span class='ocrx_word' id='word_1_44' title='bbox 307 537 453 579; x_wconf 84' lang='lat' dir='ltr'>niseam</span> <span class='ocrx_word' id='word_1_45' title='bbox 472 552 591 594; x_wconf 83' lang='lat' dir='ltr'>atque</span> <span class='ocrx_word' id='word_1_46' title='bbox 609 539 775 579; x_wconf 74' lang='lat' dir='ltr'>Manam</span> <span class='ocrx_word' id='word_1_47' title='bbox 793 536 936 579; x_wconf 89' lang='lat' dir='ltr'>fluvios</span> <span class='ocrx_word' id='word_1_48' title='bbox 954 538 1197 592; x_wconf 56' lang='lat' dir='ltr'>quibusdam</span> <span class='ocrx_word' id='word_1_49' title='bbox 1231 540 1341 579; x_wconf 68' lang='lat' dir='ltr'>annis</span> <span class='ocrx_word' id='word_1_50' title='bbox 1376 538 1593 580; x_wconf 78' lang='lat' dir='ltr'>incredibili</span> <span class='ocrx_word' id='word_1_51' title='bbox 1620 551 1790 580; x_wconf 89' lang='lat' dir='ltr'>numero</span> <span class='ocrx_word' id='word_1_52' title='bbox 1825 553 1887 580; x_wconf 85' lang='lat' dir='ltr'>ca-</span> 
     </span>
     <span class='ocr_line' id='line_1_7' title="bbox 308 593 1884 650; baseline 0.001 -16"><span class='ocrx_word' id='word_1_53' title='bbox 308 596 487 649; x_wconf 88' lang='lat' dir='ltr'>piuntur.</span> <span class='ocrx_word' id='word_1_54' title='bbox 546 595 601 636; x_wconf 85' lang='lat' dir='ltr'>Ibi</span> <span class='ocrx_word' id='word_1_55' title='bbox 620 608 806 649; x_wconf 80' lang='lat' dir='ltr'>quoque,</span> <span class='ocrx_word' id='word_1_56' title='bbox 836 593 1035 648; x_wconf 76' lang='lat' dir='ltr'>sylvarum</span> <span class='ocrx_word' id='word_1_57' title='bbox 1054 596 1330 647; x_wconf 85' lang='lat' dir='ltr'>continuitate,</span> <span class='ocrx_word' id='word_1_58' title='bbox 1369 609 1500 650; x_wconf 83' lang='lat' dir='ltr'>usque</span> <span class='ocrx_word' id='word_1_59' title='bbox 1527 594 1576 636; x_wconf 89' lang='lat' dir='ltr'>ad</span> <span class='ocrx_word' id='word_1_60' title='bbox 1604 594 1884 650; x_wconf 77' lang='lat' dir='ltr'>Tunguskam</span> 
     </span>
     <span class='ocr_line' id='line_1_8' title="bbox 308 648 1885 706; baseline 0.001 -14"><span class='ocrx_word' id='word_1_61' title='bbox 308 650 496 704; x_wconf 81' lang='lat' dir='ltr'>fluvium,</span> <span class='ocrx_word' id='word_1_62' title='bbox 544 654 624 692; x_wconf 91' lang='lat' dir='ltr'>imo</span> <span class='ocrx_word' id='word_1_63' title='bbox 644 648 898 706; x_wconf 83' lang='lat' dir='ltr'>Mangaseam</span> <span class='ocrx_word' id='word_1_64' title='bbox 919 650 1075 702; x_wconf 66' lang='lat' dir='ltr'>versis,</span> <span class='ocrx_word' id='word_1_65' title='bbox 1113 650 1178 693; x_wconf 81' lang='lat' dir='ltr'>sed</span> <span class='ocrx_word' id='word_1_66' title='bbox 1206 654 1332 693; x_wconf 88' lang='lat' dir='ltr'>rarius</span> <span class='ocrx_word' id='word_1_67' title='bbox 1359 664 1590 693; x_wconf 79' lang='lat' dir='ltr'>excurrunt.</span> <span class='ocrx_word' id='word_1_68' title='bbox 1657 652 1815 694; x_wconf 83' lang='lat' dir='ltr'>Dehinc</span> <span class='ocrx_word' id='word_1_69' title='bbox 1834 651 1885 694; x_wconf 87' lang='lat' dir='ltr'>se-</span> 
     </span>
     <span class='ocr_line' id='line_1_9' title="bbox 307 706 1887 763; baseline 0.001 -13"><span class='ocrx_word' id='word_1_70' title='bbox 307 708 487 750; x_wconf 88' lang='lat' dir='ltr'>cundum</span> <span class='ocrx_word' id='word_1_71' title='bbox 506 706 634 763; x_wconf 81' lang='lat' dir='ltr'>ipsum</span> <span class='ocrx_word' id='word_1_72' title='bbox 651 706 856 759; x_wconf 84' lang='lat' dir='ltr'>Sajanense</span> <span class='ocrx_word' id='word_1_73' title='bbox 874 709 1012 762; x_wconf 76' lang='lat' dir='ltr'>iugum</span> <span class='ocrx_word' id='word_1_74' title='bbox 1040 708 1081 750; x_wconf 70' lang='grc' dir='ltr'>ὅτ</span> <span class='ocrx_word' id='word_1_75' title='bbox 1105 710 1144 750; x_wconf 90' lang='lat' dir='ltr'>in</span> <span class='ocrx_word' id='word_1_76' title='bbox 1170 708 1374 750; x_wconf 89' lang='lat' dir='ltr'>montibus</span> <span class='ocrx_word' id='word_1_77' title='bbox 1392 708 1644 763; x_wconf 74' lang='lat' dir='ltr'>Mongoliam</span> <span class='ocrx_word' id='word_1_78' title='bbox 1663 707 1887 751; x_wconf 83' lang='lat' dir='ltr'>universam</span> 
     </span>
     <span class='ocr_line' id='line_1_10' title="bbox 307 763 1886 819; baseline 0 -12"><span class='ocrx_word' id='word_1_79' title='bbox 307 764 350 807; x_wconf 63' lang='lat'>31</span> <span class='ocrx_word' id='word_1_80' title='bbox 370 766 586 808; x_wconf 82' lang='lat' dir='ltr'>Dauuriam</span> <span class='ocrx_word' id='word_1_81' title='bbox 603 778 624 806; x_wconf 82' lang='lat' dir='ltr'>a</span> <span class='ocrx_word' id='word_1_82' title='bbox 641 764 780 806; x_wconf 85' lang='lat' dir='ltr'>Sibiria</span> <span class='ocrx_word' id='word_1_83' title='bbox 799 763 1100 815; x_wconf 82' lang='lat' dir='ltr'>diffinientibus,</span> <span class='ocrx_word' id='word_1_84' title='bbox 1131 778 1286 819; x_wconf 84' lang='lat' dir='ltr'>perque</span> <span class='ocrx_word' id='word_1_85' title='bbox 1306 778 1469 806; x_wconf 87' lang='lat' dir='ltr'>omnem</span> <span class='ocrx_word' id='word_1_86' title='bbox 1497 765 1665 807; x_wconf 83' lang='lat' dir='ltr'>Amuris</span> <span class='ocrx_word' id='word_1_87' title='bbox 1683 765 1790 808; x_wconf 83' lang='lat' dir='ltr'>fluvii</span> <span class='ocrx_word' id='word_1_88' title='bbox 1811 778 1886 807; x_wconf 82' lang='lat' dir='ltr'>tra-</span> 
     </span>
     <span class='ocr_line' id='line_1_11' title="bbox 307 819 1883 877; baseline 0.001 -14"><span class='ocrx_word' id='word_1_89' title='bbox 307 820 433 871; x_wconf 56' lang='lat' dir='ltr'>ctum,</span> <span class='ocrx_word' id='word_1_90' title='bbox 453 835 581 877; x_wconf 85' lang='lat' dir='ltr'>usquc</span> <span class='ocrx_word' id='word_1_91' title='bbox 598 821 647 862; x_wconf 86' lang='lat' dir='ltr'>ad</span> <span class='ocrx_word' id='word_1_92' title='bbox 667 822 815 861; x_wconf 86' lang='lat' dir='ltr'>Oceani</span> <span class='ocrx_word' id='word_1_93' title='bbox 836 821 1044 862; x_wconf 80' lang='lat' dir='ltr'>Orientalis</span> <span class='ocrx_word' id='word_1_94' title='bbox 1070 822 1243 862; x_wconf 82' lang='lat' dir='ltr'>confinia</span> <span class='ocrx_word' id='word_1_95' title='bbox 1274 834 1473 876; x_wconf 86' lang='lat' dir='ltr'>nusquam</span> <span class='ocrx_word' id='word_1_96' title='bbox 1493 819 1643 862; x_wconf 66' lang='lat' dir='ltr'>desunt,</span> <span class='ocrx_word' id='word_1_97' title='bbox 1703 823 1883 864; x_wconf 80' lang='lat' dir='ltr'>Maxime</span> 
     </span>
     <span class='ocr_line' id='line_1_12' title="bbox 307 875 1887 931; baseline -0.001 -10"><span class='ocrx_word' id='word_1_98' title='bbox 307 878 513 920; x_wconf 86' lang='lat' dir='ltr'>abundant</span> <span class='ocrx_word' id='word_1_99' title='bbox 533 891 631 919; x_wconf 86' lang='lat' dir='ltr'>vero</span> <span class='ocrx_word' id='word_1_100' title='bbox 650 879 752 918; x_wconf 84' lang='lat' dir='ltr'>circa</span> <span class='ocrx_word' id='word_1_101' title='bbox 770 877 969 917; x_wconf 68' lang='lat' dir='ltr'>Baikalem</span> <span class='ocrx_word' id='word_1_102' title='bbox 995 877 1146 929; x_wconf 82' lang='lat' dir='ltr'>lacum,</span> <span class='ocrx_word' id='word_1_103' title='bbox 1179 877 1247 918; x_wconf 86' lang='lat' dir='ltr'>ubi</span> <span class='ocrx_word' id='word_1_104' title='bbox 1273 875 1488 929; x_wconf 85' lang='lat' dir='ltr'>asperrima</span> <span class='ocrx_word' id='word_1_105' title='bbox 1515 880 1627 931; x_wconf 82' lang='lat' dir='ltr'>regio</span> <span class='ocrx_word' id='word_1_106' title='bbox 1648 877 1725 920; x_wconf 87' lang='lat' dir='ltr'>late</span> <span class='ocrx_word' id='word_1_107' title='bbox 1745 881 1887 921; x_wconf 79' lang='lat' dir='ltr'>monti-</span> 
     </span>
     <span class='ocr_line' id='line_1_13' title="bbox 307 932 1886 991; baseline 0 -15"><span class='ocrx_word' id='word_1_108' title='bbox 307 934 386 976; x_wconf 85' lang='lat' dir='ltr'>bus</span> <span class='ocrx_word' id='word_1_109' title='bbox 404 935 566 977; x_wconf 80' lang='lat' dir='ltr'>horrida</span> <span class='ocrx_word' id='word_1_110' title='bbox 583 933 703 985; x_wconf 76' lang='lat' dir='ltr'>jacet,</span> <span class='ocrx_word' id='word_1_111' title='bbox 737 946 890 987; x_wconf 80' lang='lat' dir='ltr'>perque</span> <span class='ocrx_word' id='word_1_112' title='bbox 909 932 1132 988; x_wconf 72' lang='lat' dir='ltr'>superiores</span> <span class='ocrx_word' id='word_1_113' title='bbox 1143 933 1279 975; x_wconf 85' lang='lat' dir='ltr'>Lenae</span> <span class='ocrx_word' id='word_1_114' title='bbox 1299 934 1503 975; x_wconf 73' lang='lat' dir='ltr'>&amp;witimi</span> <span class='ocrx_word' id='word_1_115' title='bbox 1522 933 1741 975; x_wconf 87' lang='lat' dir='ltr'>fluviorum</span> <span class='ocrx_word' id='word_1_116' title='bbox 1758 938 1886 991; x_wconf 83' lang='lat' dir='ltr'>regio-</span> 
     </span>
     <span class='ocr_line' id='line_1_14' title="bbox 306 988 1886 1046; baseline 0.001 -13"><span class='ocrx_word' id='word_1_117' title='bbox 306 1005 389 1034; x_wconf 79' lang='lat' dir='ltr'>nes,</span> <span class='ocrx_word' id='word_1_118' title='bbox 444 991 511 1032; x_wconf 74' lang='lat' dir='ltr'>Ad</span> <span class='ocrx_word' id='word_1_119' title='bbox 531 991 684 1032; x_wconf 89' lang='lat' dir='ltr'>Lenam</span> <span class='ocrx_word' id='word_1_120' title='bbox 702 1003 831 1044; x_wconf 81' lang='lat' dir='ltr'>usque</span> <span class='ocrx_word' id='word_1_121' title='bbox 847 990 876 1044; x_wconf 81' lang='lat' dir='ltr'>J</span> <span class='ocrx_word' id='word_1_122' title='bbox 879 991 1055 1032; x_wconf 85' lang='lat' dir='ltr'>acutium</span> <span class='ocrx_word' id='word_1_123' title='bbox 1073 988 1280 1045; x_wconf 49' lang='lat' dir='ltr'>(Jakuzstv</span> <span class='ocrx_word' id='word_1_124' title='bbox 1298 990 1340 1031; x_wconf 69' lang='grc' dir='ltr'>ἃ</span> <span class='ocrx_word' id='word_1_125' title='bbox 1357 989 1624 1031; x_wconf 87' lang='lat' dir='ltr'>abundantius</span> <span class='ocrx_word' id='word_1_126' title='bbox 1649 993 1753 1032; x_wconf 88' lang='lat' dir='ltr'>circa</span> <span class='ocrx_word' id='word_1_127' title='bbox 1778 990 1886 1046; x_wconf 81' lang='lat' dir='ltr'>Ilgae</span> 
     </span>
     <span class='ocr_line' id='line_1_15' title="bbox 308 1045 1888 1102; baseline -0.001 -12"><span class='ocrx_word' id='word_1_128' title='bbox 308 1047 577 1090; x_wconf 83' lang='lat' dir='ltr'>confluentem</span> <span class='ocrx_word' id='word_1_129' title='bbox 596 1045 878 1097; x_wconf 76' lang='lat' dir='ltr'>observantur,</span> <span class='ocrx_word' id='word_1_130' title='bbox 906 1046 976 1088; x_wconf 87' lang='lat' dir='ltr'>ubi</span> <span class='ocrx_word' id='word_1_131' title='bbox 1000 1061 1104 1088; x_wconf 88' lang='lat' dir='ltr'>unus</span> <span class='ocrx_word' id='word_1_132' title='bbox 1131 1045 1244 1102; x_wconf 81' lang='lat' dir='ltr'>saepe</span> <span class='ocrx_word' id='word_1_133' title='bbox 1268 1059 1436 1088; x_wconf 87' lang='lat' dir='ltr'>venator</span> <span class='ocrx_word' id='word_1_134' title='bbox 1463 1059 1537 1101; x_wconf 86' lang='lat' dir='ltr'>per</span> <span class='ocrx_word' id='word_1_135' title='bbox 1566 1047 1756 1102; x_wconf 88' lang='lat' dir='ltr'>hyemem</span> <span class='ocrx_word' id='word_1_136' title='bbox 1783 1049 1888 1090; x_wconf 89' lang='lat' dir='ltr'>ultra</span> 
     </span>
     <span class='ocr_line' id='line_1_16' title="bbox 307 1102 1888 1159; baseline 0 -13"><span class='ocrx_word' id='word_1_137' title='bbox 307 1117 471 1147; x_wconf 85' lang='lat' dir='ltr'>centum</span> <span class='ocrx_word' id='word_1_138' title='bbox 488 1103 678 1148; x_wconf 73' lang='lat' dir='ltr'>Mosehos</span> <span class='ocrx_word' id='word_1_139' title='bbox 697 1103 889 1159; x_wconf 76' lang='lat' dir='ltr'>decipulis</span> <span class='ocrx_word' id='word_1_140' title='bbox 910 1118 1056 1158; x_wconf 79' lang='lat' dir='ltr'>capere</span> <span class='ocrx_word' id='word_1_141' title='bbox 1074 1103 1179 1145; x_wconf 86' lang='lat' dir='ltr'>solet.</span> <span class='ocrx_word' id='word_1_142' title='bbox 1236 1102 1396 1145; x_wconf 84' lang='lat' dir='ltr'>Dantur</span> <span class='ocrx_word' id='word_1_143' title='bbox 1421 1106 1538 1145; x_wconf 89' lang='lat' dir='ltr'>etiam</span> <span class='ocrx_word' id='word_1_144' title='bbox 1563 1105 1641 1144; x_wconf 87' lang='lat' dir='ltr'>rari</span> <span class='ocrx_word' id='word_1_145' title='bbox 1670 1107 1773 1146; x_wconf 88' lang='lat' dir='ltr'>circa</span> <span class='ocrx_word' id='word_1_146' title='bbox 1790 1105 1888 1146; x_wconf 86' lang='lat' dir='ltr'>Indi-</span> 
     </span>
     <span class='ocr_line' id='line_1_17' title="bbox 341 1159 1886 1217; baseline 0.001 -15"><span class='ocrx_word' id='word_1_147' title='bbox 341 1162 490 1214; x_wconf 80' lang='lat' dir='ltr'>irkam3</span> <span class='ocrx_word' id='word_1_148' title='bbox 527 1162 711 1203; x_wconf 78' lang='lat' dir='ltr'>ultimum</span> <span class='ocrx_word' id='word_1_149' title='bbox 733 1175 829 1202; x_wconf 88' lang='lat' dir='ltr'>vero</span> <span class='ocrx_word' id='word_1_150' title='bbox 847 1161 1043 1215; x_wconf 76' lang='lat' dir='ltr'>angulum</span> <span class='ocrx_word' id='word_1_151' title='bbox 1063 1161 1179 1202; x_wconf 79' lang='lat' dir='ltr'>Afiae</span> <span class='ocrx_word' id='word_1_152' title='bbox 1190 1159 1372 1201; x_wconf 89' lang='lat' dir='ltr'>nondum</span> <span class='ocrx_word' id='word_1_153' title='bbox 1392 1172 1664 1214; x_wconf 85' lang='lat' dir='ltr'>occuparunt,</span> <span class='ocrx_word' id='word_1_154' title='bbox 1696 1175 1827 1217; x_wconf 87' lang='lat' dir='ltr'>neque</span> <span class='ocrx_word' id='word_1_155' title='bbox 1846 1163 1886 1204; x_wconf 88' lang='lat' dir='ltr'>in</span> 
     </span>
     <span class='ocr_line' id='line_1_18' title="bbox 305 1176 1643 1273; baseline -0.002 -12"><span class='ocrx_word' id='word_1_156' title='bbox 305 1176 606 1270; x_wconf 41' lang='lat' dir='ltr'>{Kamischatkm</span> <span class='ocrx_word' id='word_1_157' title='bbox 635 1220 887 1273; x_wconf 77' lang='lat' dir='ltr'>maximeque</span> <span class='ocrx_word' id='word_1_158' title='bbox 904 1217 1055 1259; x_wconf 83' lang='lat' dir='ltr'>boreali</span> <span class='ocrx_word' id='word_1_159' title='bbox 1073 1217 1235 1258; x_wconf 85' lang='lat' dir='ltr'>Sibiriae</span> <span class='ocrx_word' id='word_1_160' title='bbox 1255 1216 1385 1260; x_wconf 63' lang='lat' dir='ltr'>traua</span> <span class='ocrx_word' id='word_1_161' title='bbox 1404 1216 1471 1260; x_wconf 86' lang='lat' dir='ltr'>ulli</span> <span class='ocrx_word' id='word_1_162' title='bbox 1486 1217 1643 1258; x_wconf 86' lang='lat' dir='ltr'>dantur.</span> 
     </span>
    </p>

    <p class='ocr_par' dir='ltr' id='par_1_3' title="bbox 306 1287 1892 2078">
     <span class='ocr_line' id='line_1_19' title="bbox 422 1287 1884 1346; baseline -0.002 -12"><span class='ocrx_word' id='word_1_163' title='bbox 422 1290 607 1346; x_wconf 71' lang='lat' dir='ltr'>Moschus</span> <span class='ocrx_word' id='word_1_164' title='bbox 634 1294 672 1333; x_wconf 90' lang='lat' dir='ltr'>in</span> <span class='ocrx_word' id='word_1_165' title='bbox 700 1291 777 1332; x_wconf 82' lang='lat' dir='ltr'>istis</span> <span class='ocrx_word' id='word_1_166' title='bbox 803 1290 1035 1345; x_wconf 81' lang='lat' dir='ltr'>regionibus</span> <span class='ocrx_word' id='word_1_167' title='bbox 1064 1291 1236 1331; x_wconf 76' lang='lat' dir='ltr'>maxime</span> <span class='ocrx_word' id='word_1_168' title='bbox 1243 1289 1423 1346; x_wconf 71' lang='lat' dir='ltr'>sequitur</span> <span class='ocrx_word' id='word_1_169' title='bbox 1446 1287 1633 1346; x_wconf 66' lang='lat' dir='ltr'>rupestricz</span> <span class='ocrx_word' id='word_1_170' title='bbox 1650 1301 1884 1344; x_wconf 83' lang='lat' dir='ltr'>praerupta,</span> 
     </span>
     <span class='ocr_line' id='line_1_20' title="bbox 308 1345 1889 1401; baseline -0.001 -11"><span class='ocrx_word' id='word_1_171' title='bbox 308 1348 508 1390; x_wconf 89' lang='lat' dir='ltr'>convalles</span> <span class='ocrx_word' id='word_1_172' title='bbox 525 1351 626 1390; x_wconf 89' lang='lat' dir='ltr'>inter</span> <span class='ocrx_word' id='word_1_173' title='bbox 646 1348 744 1390; x_wconf 86' lang='lat' dir='ltr'>altos</span> <span class='ocrx_word' id='word_1_174' title='bbox 763 1361 919 1390; x_wconf 90' lang='lat' dir='ltr'>montes</span> <span class='ocrx_word' id='word_1_175' title='bbox 939 1346 1126 1401; x_wconf 80' lang='lat' dir='ltr'>frigidas,</span> <span class='ocrx_word' id='word_1_176' title='bbox 1157 1345 1368 1401; x_wconf 78' lang='lat' dir='ltr'>sylvasque</span> <span class='ocrx_word' id='word_1_177' title='bbox 1378 1345 1889 1388; x_wconf 85' lang='lat' dir='ltr'>abietinasintermontanas</span> 
     </span>
     <span class='ocr_line' id='line_1_21' title="bbox 308 1403 1888 1460; baseline -0.001 -13"><span class='ocrx_word' id='word_1_178' title='bbox 308 1406 351 1447; x_wconf 81' lang='lat'>&amp;</span> <span class='ocrx_word' id='word_1_179' title='bbox 368 1408 644 1460; x_wconf 87' lang='lat' dir='ltr'>promontoria</span> <span class='ocrx_word' id='word_1_180' title='bbox 662 1405 850 1450; x_wconf 74' lang='lat' dir='ltr'>nivalium</span> <span class='ocrx_word' id='word_1_181' title='bbox 877 1405 1132 1447; x_wconf 73' lang='lat' dir='ltr'>cacuminum</span> <span class='ocrx_word' id='word_1_182' title='bbox 1158 1415 1417 1457; x_wconf 70' lang='lat' dir='ltr'>occupantes,</span> <span class='ocrx_word' id='word_1_183' title='bbox 1476 1403 1518 1444; x_wconf 91' lang='lat' dir='ltr'>In</span> <span class='ocrx_word' id='word_1_184' title='bbox 1546 1403 1702 1457; x_wconf 76' lang='lat' dir='ltr'>apricos</span> <span class='ocrx_word' id='word_1_185' title='bbox 1730 1415 1888 1446; x_wconf 87' lang='lat' dir='ltr'>montes</span> 
     </span>
     <span class='ocr_line' id='line_1_22' title="bbox 308 1458 1887 1518; baseline -0.002 -15"><span class='ocrx_word' id='word_1_186' title='bbox 308 1462 606 1517; x_wconf 78' lang='lat' dir='ltr'>&amp;camporum</span> <span class='ocrx_word' id='word_1_187' title='bbox 632 1462 748 1518; x_wconf 87' lang='lat' dir='ltr'>plana</span> <span class='ocrx_word' id='word_1_188' title='bbox 772 1475 981 1516; x_wconf 85' lang='lat' dir='ltr'>nunquam</span> <span class='ocrx_word' id='word_1_189' title='bbox 1015 1458 1238 1513; x_wconf 78' lang='lat' dir='ltr'>descendit,</span> <span class='ocrx_word' id='word_1_190' title='bbox 1279 1473 1328 1501; x_wconf 91' lang='lat' dir='ltr'>ne</span> <span class='ocrx_word' id='word_1_191' title='bbox 1362 1458 1526 1514; x_wconf 83' lang='lat' dir='ltr'>quidem</span> <span class='ocrx_word' id='word_1_192' title='bbox 1553 1459 1719 1514; x_wconf 83' lang='lat' dir='ltr'>hyeme,</span> <span class='ocrx_word' id='word_1_193' title='bbox 1758 1473 1887 1514; x_wconf 86' lang='lat' dir='ltr'>quum</span> 
     </span>
     <span class='ocr_line' id='line_1_23' title="bbox 306 1515 1887 1575; baseline -0.001 -16"><span class='ocrx_word' id='word_1_194' title='bbox 306 1518 496 1572; x_wconf 86' lang='lat' dir='ltr'>Capreoli</span> <span class='ocrx_word' id='word_1_195' title='bbox 517 1532 682 1575; x_wconf 83' lang='lat' dir='ltr'>quoque</span> <span class='ocrx_word' id='word_1_196' title='bbox 711 1517 838 1573; x_wconf 78' lang='lat' dir='ltr'>sylvas</span> <span class='ocrx_word' id='word_1_197' title='bbox 866 1519 1090 1573; x_wconf 83' lang='lat' dir='ltr'>relinquere</span> <span class='ocrx_word' id='word_1_198' title='bbox 1117 1515 1263 1567; x_wconf 81' lang='lat' dir='ltr'>solent3</span> <span class='ocrx_word' id='word_1_199' title='bbox 1295 1517 1419 1557; x_wconf 88' lang='lat' dir='ltr'>immo</span> <span class='ocrx_word' id='word_1_200' title='bbox 1445 1516 1588 1558; x_wconf 81' lang='lat' dir='ltr'>aestate</span> <span class='ocrx_word' id='word_1_201' title='bbox 1616 1518 1654 1556; x_wconf 88' lang='lat' dir='ltr'>in</span> <span class='ocrx_word' id='word_1_202' title='bbox 1683 1516 1887 1559; x_wconf 86' lang='lat' dir='ltr'>montibus</span> 
     </span>
     <span class='ocr_line' id='line_1_24' title="bbox 306 1570 1888 1628; baseline -0.001 -12"><span class='ocrx_word' id='word_1_203' title='bbox 306 1577 424 1616; x_wconf 87' lang='lat' dir='ltr'>etiam</span> <span class='ocrx_word' id='word_1_204' title='bbox 443 1574 767 1619; x_wconf 82' lang='lat' dir='ltr'>clementioribus</span> <span class='ocrx_word' id='word_1_205' title='bbox 789 1588 878 1616; x_wconf 89' lang='lat' dir='ltr'>raro</span> <span class='ocrx_word' id='word_1_206' title='bbox 898 1586 1077 1628; x_wconf 82' lang='lat' dir='ltr'>apparet.</span> <span class='ocrx_word' id='word_1_207' title='bbox 1133 1570 1386 1613; x_wconf 79' lang='lat' dir='ltr'>Subsolitaria</span> <span class='ocrx_word' id='word_1_208' title='bbox 1405 1585 1607 1627; x_wconf 81' lang='lat' dir='ltr'>vagantur</span> <span class='ocrx_word' id='word_1_209' title='bbox 1628 1572 1726 1614; x_wconf 82' lang='lat' dir='ltr'>haec</span> <span class='ocrx_word' id='word_1_210' title='bbox 1744 1575 1888 1614; x_wconf 87' lang='lat' dir='ltr'>anima-</span> 
     </span>
     <span class='ocr_line' id='line_1_25' title="bbox 306 1628 1889 1683; baseline -0.001 -11"><span class='ocrx_word' id='word_1_211' title='bbox 306 1631 368 1682; x_wconf 88' lang='lat' dir='ltr'>lia,</span> <span class='ocrx_word' id='word_1_212' title='bbox 388 1645 462 1674; x_wconf 86' lang='lat' dir='ltr'>nec</span> <span class='ocrx_word' id='word_1_213' title='bbox 479 1633 547 1673; x_wconf 69' lang='lat' dir='ltr'>nisi</span> <span class='ocrx_word' id='word_1_214' title='bbox 566 1644 761 1673; x_wconf 88' lang='lat' dir='ltr'>autumno</span> <span class='ocrx_word' id='word_1_215' title='bbox 783 1630 985 1672; x_wconf 86' lang='lat' dir='ltr'>interdum</span> <span class='ocrx_word' id='word_1_216' title='bbox 1005 1631 1211 1673; x_wconf 80' lang='lat' dir='ltr'>turmatim</span> <span class='ocrx_word' id='word_1_217' title='bbox 1228 1629 1337 1683; x_wconf 83' lang='lat' dir='ltr'>quasi</span> <span class='ocrx_word' id='word_1_218' title='bbox 1358 1628 1407 1670; x_wconf 88' lang='lat' dir='ltr'>ad</span> <span class='ocrx_word' id='word_1_219' title='bbox 1433 1631 1711 1683; x_wconf 79' lang='lat' dir='ltr'>migrationem</span> <span class='ocrx_word' id='word_1_220' title='bbox 1739 1629 1802 1670; x_wconf 79' lang='lat' dir='ltr'>vel</span> <span class='ocrx_word' id='word_1_221' title='bbox 1826 1643 1889 1671; x_wconf 87' lang='lat' dir='ltr'>oe-</span> 
     </span>
     <span class='ocr_line' id='line_1_26' title="bbox 306 1685 1888 1743; baseline -0.001 -15"><span class='ocrx_word' id='word_1_222' title='bbox 306 1688 373 1729; x_wconf 88' lang='lat' dir='ltr'>stri</span> <span class='ocrx_word' id='word_1_223' title='bbox 394 1687 507 1730; x_wconf 84' lang='lat' dir='ltr'>causa</span> <span class='ocrx_word' id='word_1_224' title='bbox 525 1688 689 1733; x_wconf 69' lang='lat' dir='ltr'>colle&amp;a</span> <span class='ocrx_word' id='word_1_225' title='bbox 709 1699 919 1743; x_wconf 82' lang='lat' dir='ltr'>apparent.</span> <span class='ocrx_word' id='word_1_226' title='bbox 985 1686 1019 1727; x_wconf 87' lang='lat' dir='ltr'>E</span> <span class='ocrx_word' id='word_1_227' title='bbox 1047 1685 1324 1727; x_wconf 83' lang='lat' dir='ltr'>constitutione</span> <span class='ocrx_word' id='word_1_228' title='bbox 1351 1685 1544 1741; x_wconf 81' lang='lat' dir='ltr'>pupillae,</span> <span class='ocrx_word' id='word_1_229' title='bbox 1576 1698 1697 1740; x_wconf 87' lang='lat' dir='ltr'>quam</span> <span class='ocrx_word' id='word_1_230' title='bbox 1726 1687 1764 1726; x_wconf 86' lang='lat' dir='ltr'>in</span> <span class='ocrx_word' id='word_1_231' title='bbox 1792 1688 1888 1727; x_wconf 89' lang='lat' dir='ltr'>vivo</span> 
     </span>
     <span class='ocr_line' id='line_1_27' title="bbox 306 1741 1889 1801; baseline -0.002 -15"><span class='ocrx_word' id='word_1_232' title='bbox 306 1746 465 1787; x_wconf 89' lang='lat' dir='ltr'>animali</span> <span class='ocrx_word' id='word_1_233' title='bbox 484 1748 523 1786; x_wconf 89' lang='lat' dir='ltr'>in</span> <span class='ocrx_word' id='word_1_234' title='bbox 552 1745 861 1801; x_wconf 78' lang='lat' dir='ltr'>angustissimam</span> <span class='ocrx_word' id='word_1_235' title='bbox 888 1745 929 1785; x_wconf 66' lang='grc' dir='ltr'>δε</span> <span class='ocrx_word' id='word_1_236' title='bbox 955 1742 1160 1797; x_wconf 80' lang='lat' dir='ltr'>obliquam</span> <span class='ocrx_word' id='word_1_237' title='bbox 1187 1743 1328 1785; x_wconf 85' lang='lat' dir='ltr'>rimam</span> <span class='ocrx_word' id='word_1_238' title='bbox 1359 1742 1540 1788; x_wconf 83' lang='lat' dir='ltr'>contrahi</span> <span class='ocrx_word' id='word_1_239' title='bbox 1565 1741 1663 1793; x_wconf 77' lang='lat' dir='ltr'>vidi,</span> <span class='ocrx_word' id='word_1_240' title='bbox 1693 1742 1731 1782; x_wconf 81' lang='lat'>&amp;</span> <span class='ocrx_word' id='word_1_241' title='bbox 1753 1757 1774 1785; x_wconf 87' lang='lat' dir='ltr'>e</span> <span class='ocrx_word' id='word_1_242' title='bbox 1794 1742 1889 1783; x_wconf 85' lang='lat' dir='ltr'>rela-</span> 
     </span>
     <span class='ocr_line' id='line_1_28' title="bbox 308 1797 1889 1856; baseline -0.003 -13"><span class='ocrx_word' id='word_1_243' title='bbox 308 1804 415 1843; x_wconf 83' lang='lat' dir='ltr'>tione</span> <span class='ocrx_word' id='word_1_244' title='bbox 431 1815 687 1854; x_wconf 74' lang='lat' dir='ltr'>venatorum,</span> <span class='ocrx_word' id='word_1_245' title='bbox 718 1802 787 1856; x_wconf 85' lang='lat' dir='ltr'>qui</span> <span class='ocrx_word' id='word_1_246' title='bbox 809 1813 955 1855; x_wconf 89' lang='lat' dir='ltr'>parum</span> <span class='ocrx_word' id='word_1_247' title='bbox 973 1799 1119 1851; x_wconf 69' lang='lat' dir='ltr'>oculis,</span> <span class='ocrx_word' id='word_1_248' title='bbox 1146 1797 1211 1839; x_wconf 76' lang='lat' dir='ltr'>sed</span> <span class='ocrx_word' id='word_1_249' title='bbox 1233 1800 1404 1840; x_wconf 85' lang='lat' dir='ltr'>maxime</span> <span class='ocrx_word' id='word_1_250' title='bbox 1424 1797 1515 1840; x_wconf 84' lang='lat' dir='ltr'>naso</span> <span class='ocrx_word' id='word_1_251' title='bbox 1531 1797 1749 1852; x_wconf 87' lang='lat' dir='ltr'>audituque</span> <span class='ocrx_word' id='word_1_252' title='bbox 1769 1798 1889 1852; x_wconf 88' lang='lat' dir='ltr'>polle-</span> 
     </span>
     <span class='ocr_line' id='line_1_29' title="bbox 308 1851 1889 1911; baseline -0.002 -12"><span class='ocrx_word' id='word_1_253' title='bbox 308 1872 351 1900; x_wconf 79' lang='lat' dir='ltr'>re</span> <span class='ocrx_word' id='word_1_254' title='bbox 367 1857 583 1910; x_wconf 83' lang='lat' dir='ltr'>affirmant,</span> <span class='ocrx_word' id='word_1_255' title='bbox 613 1857 797 1900; x_wconf 85' lang='lat' dir='ltr'>concludi</span> <span class='ocrx_word' id='word_1_256' title='bbox 815 1855 923 1911; x_wconf 61' lang='lat' dir='ltr'>poii&#39;e</span> <span class='ocrx_word' id='word_1_257' title='bbox 941 1855 1121 1906; x_wconf 87' lang='lat' dir='ltr'>videtur,</span> <span class='ocrx_word' id='word_1_258' title='bbox 1153 1854 1408 1909; x_wconf 58' lang='lat' dir='ltr'>noctivagum</span> <span class='ocrx_word' id='word_1_259' title='bbox 1428 1853 1501 1896; x_wconf 77' lang='lat' dir='ltr'>effe</span> <span class='ocrx_word' id='word_1_260' title='bbox 1517 1851 1753 1907; x_wconf 80' lang='lat' dir='ltr'>Moschum3</span> <span class='ocrx_word' id='word_1_261' title='bbox 1786 1855 1889 1896; x_wconf 87' lang='lat' dir='ltr'>ideo-</span> 
     </span>
     <span class='ocr_line' id='line_1_30' title="bbox 308 1909 1890 1971; baseline -0.001 -16"><span class='ocrx_word' id='word_1_262' title='bbox 308 1928 389 1971; x_wconf 86' lang='lat' dir='ltr'>que</span> <span class='ocrx_word' id='word_1_263' title='bbox 409 1913 513 1957; x_wconf 83' lang='lat' dir='ltr'>forte</span> <span class='ocrx_word' id='word_1_264' title='bbox 532 1915 594 1966; x_wconf 74' lang='lat' dir='ltr'>fit,</span> <span class='ocrx_word' id='word_1_265' title='bbox 625 1916 726 1956; x_wconf 78' lang='lat' dir='ltr'>urin</span> <span class='ocrx_word' id='word_1_266' title='bbox 744 1909 998 1968; x_wconf 74' lang='lat' dir='ltr'>regionibu8‚</span> <span class='ocrx_word' id='word_1_267' title='bbox 1030 1911 1102 1954; x_wconf 85' lang='lat' dir='ltr'>ubi</span> <span class='ocrx_word' id='word_1_268' title='bbox 1128 1910 1363 1952; x_wconf 80' lang='lat' dir='ltr'>abundat&amp;</span> <span class='ocrx_word' id='word_1_269' title='bbox 1386 1911 1536 1964; x_wconf 86' lang='lat' dir='ltr'>laqueis</span> <span class='ocrx_word' id='word_1_270' title='bbox 1562 1909 1795 1964; x_wconf 83' lang='lat' dir='ltr'>frequenter</span> <span class='ocrx_word' id='word_1_271' title='bbox 1830 1925 1890 1953; x_wconf 86' lang='lat' dir='ltr'>ca-</span> 
     </span>
     <span class='ocr_line' id='line_1_31' title="bbox 308 1965 1892 2026; baseline 0 -16"><span class='ocrx_word' id='word_1_272' title='bbox 308 1973 440 2026; x_wconf 80' lang='lat' dir='ltr'>pitur,</span> <span class='ocrx_word' id='word_1_273' title='bbox 486 1971 674 2012; x_wconf 82' lang='lat' dir='ltr'>rariffime</span> <span class='ocrx_word' id='word_1_274' title='bbox 704 1982 836 2010; x_wconf 87' lang='lat' dir='ltr'>tamen</span> <span class='ocrx_word' id='word_1_275' title='bbox 860 1971 936 2009; x_wconf 89' lang='lat' dir='ltr'>iter</span> <span class='ocrx_word' id='word_1_276' title='bbox 972 1982 1044 2022; x_wconf 84' lang='lat' dir='ltr'>per</span> <span class='ocrx_word' id='word_1_277' title='bbox 1072 1965 1244 2007; x_wconf 79' lang='lat' dir='ltr'>desertas</span> <span class='ocrx_word' id='word_1_278' title='bbox 1271 1965 1398 2020; x_wconf 76' lang='lat' dir='ltr'>sylvas</span> <span class='ocrx_word' id='word_1_279' title='bbox 1430 1965 1666 2008; x_wconf 85' lang='lat' dir='ltr'>facientibus</span> <span class='ocrx_word' id='word_1_280' title='bbox 1693 1980 1892 2010; x_wconf 87' lang='lat' dir='ltr'>occurrat.</span> 
     </span>
     <span class='ocr_line' id='line_1_32' title="bbox 308 2023 1277 2078; baseline -0.006 -9"><span class='ocrx_word' id='word_1_281' title='bbox 308 2027 478 2069; x_wconf 85' lang='lat' dir='ltr'>Certum</span> <span class='ocrx_word' id='word_1_282' title='bbox 495 2039 626 2070; x_wconf 88' lang='lat' dir='ltr'>tamen</span> <span class='ocrx_word' id='word_1_283' title='bbox 644 2026 718 2077; x_wconf 82' lang='lat' dir='ltr'>est,</span> <span class='ocrx_word' id='word_1_284' title='bbox 751 2023 922 2066; x_wconf 87' lang='lat' dir='ltr'>interdiu</span> <span class='ocrx_word' id='word_1_285' title='bbox 942 2036 1107 2078; x_wconf 80' lang='lat' dir='ltr'>quoque</span> <span class='ocrx_word' id='word_1_286' title='bbox 1127 2024 1277 2077; x_wconf 82' lang='lat' dir='ltr'>vagari.</span> 
     </span>
    </p>
   </div>
   <div class='ocr_carea' id='block_1_3' title="bbox 309 2086 1889 2260">
    <p class='ocr_par' dir='ltr' id='par_1_4' title="bbox 309 2086 1889 2260">
     <span class='ocr_line' id='line_1_33' title="bbox 429 2086 1889 2150; baseline 0.001 -18"><span class='ocrx_word' id='word_1_287' title='bbox 429 2093 538 2138; x_wconf 71' lang='lat' dir='ltr'>Vitae</span> <span class='ocrx_word' id='word_1_288' title='bbox 557 2093 710 2150; x_wconf 68' lang='lat' dir='ltr'>generi,</span> <span class='ocrx_word' id='word_1_289' title='bbox 742 2093 805 2132; x_wconf 91' lang='lat' dir='ltr'>cui</span> <span class='ocrx_word' id='word_1_290' title='bbox 822 2087 996 2131; x_wconf 79' lang='lat' dir='ltr'>adsuevit</span> <span class='ocrx_word' id='word_1_291' title='bbox 1015 2086 1197 2138; x_wconf 70' lang='lat' dir='ltr'>Animal‚</span> <span class='ocrx_word' id='word_1_292' title='bbox 1227 2087 1415 2128; x_wconf 87' lang='lat' dir='ltr'>aNatura</span> <span class='ocrx_word' id='word_1_293' title='bbox 1432 2088 1889 2145; x_wconf 82' lang='lat' dir='ltr'>egregiecomparatum</span> 
     </span>
     <span class='ocr_line' id='line_1_34' title="bbox 309 2143 1888 2203; baseline -0.003 -9"><span class='ocrx_word' id='word_1_294' title='bbox 309 2152 375 2194; x_wconf 66' lang='lat' dir='ltr'>est</span> <span class='ocrx_word' id='word_1_295' title='bbox 431 2150 542 2193; x_wconf 84' lang='lat' dir='ltr'>Saltu</span> <span class='ocrx_word' id='word_1_296' title='bbox 561 2147 758 2202; x_wconf 85' lang='lat' dir='ltr'>cursuque</span> <span class='ocrx_word' id='word_1_297' title='bbox 775 2146 1024 2203; x_wconf 76' lang='lat' dir='ltr'>agiliffimum</span> <span class='ocrx_word' id='word_1_298' title='bbox 1042 2149 1073 2196; x_wconf 68' lang='lat'>*·)</span> <span class='ocrx_word' id='word_1_299' title='bbox 1086 2178 1096 2197; x_wconf 85' lang='lat'><em>‚</em></span> <span class='ocrx_word' id='word_1_300' title='bbox 1126 2143 1288 2198; x_wconf 81' lang='lat' dir='ltr'>ungulis</span> <span class='ocrx_word' id='word_1_301' title='bbox 1309 2143 1439 2197; x_wconf 85' lang='lat' dir='ltr'>duris,</span> <span class='ocrx_word' id='word_1_302' title='bbox 1468 2146 1592 2186; x_wconf 88' lang='lat' dir='ltr'>acutis</span> <span class='ocrx_word' id='word_1_303' title='bbox 1612 2146 1888 2203; x_wconf 82' lang='lat' dir='ltr'>&amp;spuriarum</span> 
     </span>
     <span class='ocr_line' id='line_1_35' title="bbox 1789 2218 1888 2260; baseline 0.02 -15"><span class='ocrx_word' id='word_1_304' title='bbox 1789 2218 1888 2260; x_wconf 86' lang='lat' dir='ltr'>quo-</span> 
     </span>
    </p>
   </div>
   <div class='ocr_carea' id='block_1_4' title="bbox 370 2289 1889 2377">
    <p class='ocr_par' dir='ltr' id='par_1_5' title="bbox 370 2289 1889 2377">
     <span class='ocr_line' id='line_1_36' title="bbox 370 2289 1889 2336; baseline 0.005 -25"><span class='ocrx_word' id='word_1_305' title='bbox 370 2300 400 2336; x_wconf 42' lang='grc' dir='ltr'>ψ)</span> <span class='ocrx_word' id='word_1_306' title='bbox 421 2299 552 2326; x_wconf 77' lang='lat' dir='ltr'>Tantum</span> <span class='ocrx_word' id='word_1_307' title='bbox 566 2293 640 2323; x_wconf 82' lang='lat' dir='ltr'>abest</span> <span class='ocrx_word' id='word_1_308' title='bbox 658 2304 672 2322; x_wconf 81' lang='lat' dir='ltr'>a</span> <span class='ocrx_word' id='word_1_309' title='bbox 688 2290 786 2322; x_wconf 57' lang='lat' dir='ltr'>fabula</span> <span class='ocrx_word' id='word_1_310' title='bbox 802 2294 911 2319; x_wconf 69' lang='lat' dir='ltr'>Phil-de</span> <span class='ocrx_word' id='word_1_311' title='bbox 922 2293 1051 2320; x_wconf 24' lang='lat' dir='ltr'>Mirtum</span> <span class='ocrx_word' id='word_1_312' title='bbox 1066 2289 1375 2332; x_wconf 65' lang='lat' dir='ltr'>(apud1&lt;1r³cussss.p.</span> <span class='ocrx_word' id='word_1_313' title='bbox 1392 2290 1470 2328; x_wconf 76' lang='lat'>257.)</span> <span class='ocrx_word' id='word_1_314' title='bbox 1486 2291 1540 2330; x_wconf 79' lang='lat' dir='ltr'>qui</span> <span class='ocrx_word' id='word_1_315' title='bbox 1550 2290 1683 2331; x_wconf 84' lang='lat' dir='ltr'>prodidit</span> <span class='ocrx_word' id='word_1_316' title='bbox 1704 2294 1889 2331; x_wconf 52' lang='lat' dir='ltr'>„Moschum</span> 
     </span>
     <span class='ocr_line' id='line_1_37' title="bbox 434 2330 1718 2377; baseline -0.004 -10"><span class='ocrx_word' id='word_1_317' title='bbox 434 2336 513 2377; x_wconf 74' lang='lat' dir='ltr'>„effe</span> <span class='ocrx_word' id='word_1_318' title='bbox 526 2336 636 2366; x_wconf 72' lang='lat' dir='ltr'>lentem</span> <span class='ocrx_word' id='word_1_319' title='bbox 644 2335 673 2366; x_wconf 69' lang='grc' dir='ltr'>δε</span> <span class='ocrx_word' id='word_1_320' title='bbox 683 2336 818 2371; x_wconf 65' lang='lat' dir='ltr'>inertem,</span> <span class='ocrx_word' id='word_1_321' title='bbox 827 2341 967 2373; x_wconf 72' lang='lat' dir='ltr'>tantaque</span> <span class='ocrx_word' id='word_1_322' title='bbox 976 2332 1095 2364; x_wconf 72' lang='lat' dir='ltr'>stultitia</span> <span class='ocrx_word' id='word_1_323' title='bbox 1105 2331 1262 2373; x_wconf 74' lang='lat' dir='ltr'>insignem,</span> <span class='ocrx_word' id='word_1_324' title='bbox 1272 2337 1304 2362; x_wconf 88' lang='lat' dir='ltr'>ut</span> <span class='ocrx_word' id='word_1_325' title='bbox 1312 2330 1398 2362; x_wconf 80' lang='lat' dir='ltr'>nullo</span> <span class='ocrx_word' id='word_1_326' title='bbox 1408 2334 1534 2374; x_wconf 77' lang='lat' dir='ltr'>negotio</span> <span class='ocrx_word' id='word_1_327' title='bbox 1542 2334 1684 2374; x_wconf 65' lang='lat' dir='ltr'>capiatur.</span> <span class='ocrx_word' id='word_1_328' title='bbox 1693 2333 1718 2351; x_wconf 86' lang='lat'><strong>“</strong></span> 
     </span>
    </p>
   </div>
  </div>
 </body>
</html>
