2032 2732
639 217 795 278 Ὲῆνὲἕ
878 219 1011 277 (17)
1090 215 1253 276 Qus&

148 326 318 370 quoque
335 314 566 367 adjumento
586 327 661 370 per
680 316 850 356 maxime
880 316 1027 357 arduos
1053 314 1258 358 descensus
1284 317 1501 368 montium,
1518 325 1724 374 rupesque

143 370 261 412 facile
282 371 435 413 incedit.
492 371 747 426 Exagitatum
777 371 1050 420 jaculabundis
1075 371 1235 414 saltibus
1260 372 1411 428 aliquot
1434 372 1550 427 saepe
1574 387 1723 429 orgyas

143 429 350 480 emetitur,
383 428 510 469 hiatus
540 425 798 481 scopulorum
829 428 1005 479 tranfilit‚
1032 443 1053 470 e
1077 430 1307 483 praeruptis
1336 429 1385 471 ad
1412 429 1548 484 plures
1570 443 1720 485 orgyas

144 482 225 525 fine
243 498 346 525 noxa
362 482 546 534 desultat,
578 484 832 538 maximeque
849 482 1066 539 periculosa
1085 483 1219 540 tesqua
1238 483 1340 526 facili
1358 485 1462 540 pede
1472 483 1641 540 superat.
1672 487 1715 527 In

144 539 270 581 densis
289 538 488 595 sylvarum
506 539 718 580 receffibus
734 540 906 595 agilitate
926 538 1076 581 summa
1093 541 1286 582 arborum
1297 553 1457 583 truncos
1470 543 1606 594 vitare,
1629 555 1716 583 cur-

144 595 229 637 sum
244 609 417 646 mutare,
437 596 634 649 variisque
654 595 754 637 dolis
771 594 808 637 se
820 595 855 637 se
872 594 1095 637 subducere
1112 597 1235 640 callet.
1293 597 1452 639 Scandit
1469 596 1715 652 scopulosin-

143 652 300 702 aeeffos,
320 652 383 693 vel
401 650 602 692 inclinatos
620 650 756 693 versus
774 664 920 694 terram
931 651 1125 693 arborum
1136 665 1309 694 truncos.
1339 653 1711 709 Fluminaquoque,

142 709 397 764 quantumvis
406 707 482 748 lata
492 707 533 749 81
542 707 679 762 rapida
695 720 835 750 tranat.
867 709 1029 762 Hyeme
1039 709 1080 750 ὃ(
1089 721 1215 749 verno
1226 721 1408 764 tempore
1417 710 1597 764 expansis
1615 713 1653 751 in
1663 711 1712 752 la-

138 777 225 806 tum
237 763 530 819 ungulis,veluti
543 763 684 818 palmis
694 764 1062 819 diduffisLepores,
1071 763 1258 806 audafiter
1268 765 1309 805 8<
1320 766 1388 805 vix
1398 767 1588 820 impressis
1599 767 1711 808 vesti--

139 823 214 876 giis
233 819 352 876 supra
371 822 528 873 nivem,
552 833 655 875 quae
663 834 796 876 neque
808 835 925 863 canes
935 821 1075 863 aliasve
1096 819 1201 862 feras
1218 820 1320 862 bene
1329 819 1497 874 sustinet,
1511 821 1709 866 discurrit.

257 891 462 935 Tl'imiclitas
483 893 704 935 animalculi
732 892 884 934 summa
914 894 988 944 est,
1020 892 1128 935 unde
1152 894 1325 935 maxime
1351 895 1454 936 avias
1482 893 1706 937 solitudines

138 951 294 1004 quaerit
310 950 351 990 ἅ*
367 948 559 990 habitatas
576 951 758 1004 regiones
777 950 927 1004 ubique
941 948 1092 996 deserit.
1150 950 1340 1003 Captum,
1356 952 1473 992 etiam
1492 963 1707 1007 antequam

138 1018 287 1046 annum
305 1005 545 1059 impleverit,
577 1006 766 1048 libertatis
784 1019 920 1048 amore
938 1019 1011 1060 per
1031 1005 1244 1047 violentam
1263 1008 1519 1061 agitationem
1539 1008 1580 1049 &
1595 1008 1706 1050 absti-

137 1064 310 1102 nentiam
328 1075 349 1102 a
368 1061 518 1116 pabulo
537 1061 647 1103 brevi
665 1065 778 1116 perit.
834 1060 919 1117 lpse
939 1062 1017 1103 hoc
1029 1060 1114 1103 sum
1124 1075 1337 1116 expertus3
1368 1061 1481 1104 fateri
1492 1076 1624 1106 tamen
1641 1063 1706 1106 de-

137 1116 216 1158 beo
233 1116 366 1169 binos,
397 1130 501 1172 quos
519 1119 634 1162 vivos
651 1118 793 1170 habui,
825 1117 1027 1170 Moschos,
1049 1118 1537 1172 Hinnulum&adultum‚
1567 1119 1647 1173 jam
1664 1122 1705 1164 in

134 1174 274 1215 itinere
294 1171 538 1215 semianimes
562 1176 776 1229 agitatione
804 1173 930 1215 fastos
957 1174 1007 1215 ad
1031 1189 1096 1216 me
1113 1174 1343 1229 pervcnisse.
1410 1176 1454 1217 In
1480 1178 1702 1218 tenerrimis

133 1241 235 1270 vero
255 1229 447 1281 hinnulis,
477 1229 592 1271 brevi
609 1231 698 1284 post
717 1232 960 1273 nativitatem
977 1232 1125 1285 captis,
1156 1233 1254 1286 (qua
1271 1243 1397 1273 aetate
1420 1245 1541 1273 omne
1560 1234 1703 1274 anima·

132 1284 233 1327 lium
251 1299 380 1340 genus
399 1284 550 1327 facilius
569 1284 772 1337 adsuescit)
790 1300 935 1342 capere
953 1289 1274 1342 experimentum
1294 1287 1400 1329 haud
1427 1288 1555 1341 licuit,
1585 1289 1703 1331 nullis

131 1343 239 1383 enim
257 1342 470 1397 propositis
490 1345 671 1397 praemiis
691 1343 873 1385 obtinere
892 1345 1026 1398 potui,
1057 1355 1101 1384 ut
1119 1345 1208 1397 quis
1218 1345 1359 1386 aestate
1369 1346 1407 1386 in
1417 1345 1611 1399 capiendo
1622 1346 1701 1387 hin-

130 1397 229 1439 nulo
245 1411 413 1453 operam
430 1411 605 1440 navaret.
659 1399 832 1441 Educari
851 1401 1016 1441 omnino
1042 1399 1149 1454 posse
1173 1400 1335 1451 animal,
1365 1403 1549 1455 quamvis
1573 1400 1703 1444 ferita-

131 1465 213 1496 tem
221 1468 302 1496 non
312 1467 442 1506 exuat,
464 1453 653 1497 Moschus
664 1455 906 1511 Tybetanus
917 1458 955 1497 in
965 1455 1136 1497 Galliam
1147 1457 1263 1501 vivus
1273 1456 1425 1499 adlatus
1439 1456 1526 1499 satis
1539 1458 1698 1513 probat.

252 1523 415 1575 Vitium,
446 1525 578 1568 saltem
607 1527 772 1583 hyeme,
803 1541 1010 1571 venatores
1037 1528 1192 1581 dicunt,
1230 1544 1252 1570 e
1282 1529 1529 1572 Lichenibus
1555 1530 1697 1573 abieffi

130 1580 421 1624 innascentibus
439 1586 610 1625 maxime
628 1598 769 1639 capere
786 1585 985 1627 Moschos.
1052 1585 1143 1640 Ego
1169 1588 1208 1626 in
1234 1585 1486 1628 diffefitorum
1513 1588 1700 1638 (ineunte

129 1637 305 1692 hyeme)
335 1640 563 1680 ventriculis
583 1653 628 1681 ut
653 1642 870 1695 plurimum
896 1640 1102 1683 filiformes
1128 1641 1297 1693 radices,
1329 1643 1559 1696 praesertim
1586 1643 1695 1698 palu-

128 1693 227 1735 stres
247 1694 459 1749 quasdam,
479 1696 610 1751 pilosis
627 1697 736 1738 fibris
756 1697 971 1752 praeditas,
992 1696 1084 1738 folia
1100 1698 1262 1750 Arbuti‚
1281 1698 1697 1742 Rhododendridauu-

128 1751 220 1802 rici,
255 1752 344 1792 vitis
362 1750 515 1805 idaeae,
542 1754 581 1794 in
598 1753 799 1808 aliquibus
816 1767 949 1795 tamen
977 1752 1180 1795 saburram
1205 1753 1456 1807 herbaceam,
1473 1755 1695 1798 lichenibus

130 1806 348 1861 capillaceis
369 1810 533 1850 mixtam
549 1811 694 1854 inveni,
753 1809 933 1852 Odorem
952 1810 1087 1864 chymi
1107 1809 1441 1865 sempereundem
1453 1810 1695 1867 speeifieum,

128 1861 616 1906 resinoso-ambrosiacum
635 1865 902 1920 deprehendi,
935 1868 1004 1921 qui
1029 1865 1212 1908 admixtis
1238 1867 1401 1922 plantis,
1431 1880 1589 1923 praeter
1614 1871 1697 1910 uni-

128 1931 222 1961 cum
238 1917 344 1961 forte>
368 1920 730 1973 Rhododendrum,
763 1922 857 1964 nihil
883 1922 1067 1964 debebat.
1140 1923 1276 1964 Putavi
1302 1923 1695 1978 eum=coniferarum

127 1975 318 2016 arborum
333 1974 545 2018 frondibus
562 1977 822 2020 tribuendum
838 1978 932 2033 esse3
959 1977 1023 2020 sed
1033 1991 1171 2020 earum
1181 1979 1307 2021 nullas
1317 1993 1495 2035 unquam
1512 1982 1694 2036 reliquias

127 2033 166 2072 in
185 2031 409 2073 ventriculis
429 2032 573 2074 horum
591 2034 818 2075 animalium
836 2036 1012 2076 invenire
1031 2037 1156 2090 potui.
1172 2060 1227 2066 —
1284 2036 1353 2077 Ad
1376 2036 1527 2079 radices
1553 2036 1695 2079 exscin-

127 2086 278 2128 dendas
297 2087 428 2142 (quod
447 2088 529 2130 aliis
546 2088 672 2131 visum
687 2090 758 2140 est)
775 2090 961 2132 dentibus
988 2089 1147 2133 exsertis
1171 2093 1229 2132 uti
1251 2090 1483 2145 Moschum,
1516 2107 1596 2135 non
1613 2096 1695 2148 qui-

100 2151 105 2156 ·
125 2143 218 2185 dem
238 2145 493 2197 negaverim,
521 2157 649 2198 quum
666 2159 798 2188 tamen
817 2145 1016 2189 foeminae
1034 2149 1077 2188 iis
1097 2147 1379 2201 destituantur,
1410 2163 1542 2204 neque
1564 2149 1696 2190 admo-

125 2199 225 2240 dum
242 2198 368 2253 rigide
386 2199 546 2242 alveolis
564 2199 639 2242 suis
656 2202 741 2253 fixi,
772 2204 852 2243 imo
872 2203 1085 2244 imbecilles
1105 2217 1288 2258 quoque,
1320 2218 1395 2258 pro
1419 2203 1598 2247 muscoso
1617 2219 1699 2247 cae-

124 2254 246 2310 spitae
271 2253 541 2297 subvertendo
569 2258 720 2307 minus,
782 2271 875 2300 uam
900 2259 1077 2314 ungulae
1103 2259 1301 2313 animalis,
1330 2260 1445 2302 validi
1473 2261 1698 2305 videantur:

211 2308 654 2369 Spicil.Zoolog·.Fafc.
670 2310 713 2357 X
737 2311 757 2355 Ι
777 2346 786 2354 .
1013 2315 1049 2357 C
1607 2317 1700 2359 mal-
