2032 2732
697 260 864 318 '¹⁵³0ss
978 261 1215 317 (64)
1329 260 1497 320 ¹³³4,ss

336 354 478 397 mines.
536 351 737 394 Indicium
759 351 876 406 hujus
901 352 957 394 est
979 352 1094 408 saepe
1117 352 1333 408 inaequalis
1356 353 1530 396 tinfitura
1555 354 1626 410 pili
1651 355 1866 407 interioris,

337 410 618 466 conduplicata
635 410 736 465 pelle
755 409 1048 465 dignoscenda3
1081 409 1172 452 dein
1190 410 1217 451 fi
1234 410 1359 455 linteo
1387 425 1504 465 puro,
1536 413 1767 467 praesertim
1794 412 1867 454 hu-

338 469 450 510 mido
469 468 671 509 adteratur
688 467 812 522 pilus,
844 467 1026 519 demum,
1053 468 1100 512 ¹in
1118 466 1354 513 difficillimo
1372 470 1573 520 tinSturae
1592 484 1757 525 genere,
1772 469 1870 510 -sali-

339 528 431 568 cino
448 539 562 567 ramo
587 538 728 566 recens
753 524 998 565 decorticato
1016 524 1234 580 cultroque
1247 525 1428 569 ‚scabrato
1453 526 1627 568 alliditur
1638 526 1766 582 pellis,
1799 526 1868 568 ubi

339 583 553 626 artificium
570 581 632 623 vel
650 581 992 637 exquisitiliimum
1009 581 1046 627 se
1061 581 1210 636 prodit.

454 658 611 697 Notatu
635 655 808 710 dignum
834 655 950 696 nullis
976 653 1145 710 pellibus
1171 652 1335 706 facilius,
1373 669 1495 710 quam
1525 655 1802 710 pulcherrimo
1830 667 1868 697 et

340 728 479 758 tenero
503 712 796 754 Zibellinarum
821 711 1068 753 nobiliorum
1089 711 1186 766 pilo,
1231 725 1387 766 partem
1413 712 1560 753 coloris
1587 726 1626 754 et
1653 714 1869 755 venustatis

340 773 420 815 solo
451 772 646 824 temporis
666 768 812 817 tractu,
844 768 870 808 si
892 768 1163 822 negligentius
1182 767 1470 811 adserveturct
1486 769 1609 810 calori
1629 784 1869 820 exponatur,

340 831 538 872 decedere
609 825 747 880 Itaque
774 826 904 865 variae
929 823 1112 864 methodi
1138 825 1179 864 in
1203 825 1276 865 :usu
1300 824 1402 875 sunt,
1447 837 1491 865 ut
1512 825 1730 868 humiditas
1753 828 1869 878 a'e‘ris,

342 889 532 938 calorque
549 882 747 923 variabilis
761 894 803 922 ,et
820 879 965 921 insecta
979 882 1142 935 pariter,
1174 894 1396 931 arceantur,
1427 881 1687 937 pilorumque
1705 885 1813 924 nitor
1832 896 1871 925 et

342 943 502 985 laevitas
521 941 706 980 servetur.
767 937 807 978 U
813 937 1044 978 sitatiffimus
1061 938 1207 978 modus
1225 938 1291 988 est,
1312 952 1354 978 ut
1372 938 1591 980 involueris
1609 953 1631 980 e
1650 940 1726 980 tela
1744 940 1871 994 gossy-

341 1002 432 1055 pina
453 995 640 1038 coeruleo
656 994 719 1036 vel
735 996 853 1047 nigro
866 994 1005 1045 tincta,
1024 994 1344 1037 extremitatibus
1362 995 1503 1035 sacculi
1520 997 1558 1035 ir·
1572 997 1750 1038 modum
1767 997 1873 1038 colli·

341 1056 482 1112 gaudis
499 1055 551 1094 ita
568 1052 837 1102 includantur,
869 1064 911 1092 ut
930 1051 1008 1092 fine
1025 1051 1202 1106 pilorum
1222 1049 1458 1095 confatione
1472 1053 1722 1106 compressae
1746 1053 1883 1108 pelles'

341 1115 378 1155 se
398 1113 574 1153 invicem
591 1108 767 1150 foveant.
824 1109 910 1149 Ati
926 1123 947 1149 e
965 1110 1077 1153 corio
1093 1107 1267 1159 Ruffieo,
1300 1108 1479 1149 betulino
1499 1109 1589 1150 oleo
1615 1109 1740 1152 unfi‘to
1764 1111 1873 1166 vagi-

342 1184 411 1211 nas
432 1166 629 1222 ejusmodi
656 1178 808 1221 parant,
840 1179 968 1220 quum
994 1165 1226 1219 praesertim
1245 1165 1373 1208 odore
1394 1165 1509 1218 hujus
1528 1166 1627 1206 corii
1642 1166 1787 1208 infesta
1808 1181 1870 1208 va-

342 1227 420 1269 lide
437 1236 657 1267 arceantur.
718 1222 798 1264 Sed
817 1223 1134 1277 exquiritiiiimus
1152 1223 1192 1262 in
1211 1222 1391 1263 orientali
1409 1222 1552 1262 Sibiria
1571 1223 1720 1264 modus
1738 1222 1871 1264 Zibel-

343 1284 439 1325 linas
456 1280 688 1323 adiervandi
711 1279 779 1331 est,
809 1293 850 1321 ut
869 1279 970 1330 pelle
991 1278 1178 1322 subversa
1196 1279 1359 1328 Lutrae,
1387 1291 1460 1329 tot,
1485 1292 1588 1333 quot
1614 1280 1779 1333 angusta
1802 1280 1871 1320 hu-

340 1341 402 1396 jus
420 1341 565 1393 vagina
584 1337 825 1391 compressas
842 1338 959 1391 capit,
992 1336 1220 1377 induantur.
1282 1336 1453 1390 Aliquos
1475 1336 1593 1376 etiam
1615 1333 1871 1388 mercatores,

343 1397 574 1454 praesertim
597 1397 640 1437 ,in
666 1393 955 1445 Kamtschatka,
992 1393 1127 1433 audivi
1151 1392 1276 1447 pelles
1294 1394 1339 1436 ‚in
1360 1392 1509 1434 cistulis
1528 1394 1632 1447 ‘aptis
1659 1407 1730 1447 per
1754 1393 1872 1434 strata

344 1466 594 1508 componere
612 1451 845 1505 interspersa
862 1450 1062 1492 ficeizlima
1078 1449 1175 1504 ligni
1190 1447 1405 1504 pntrefaffi
1424 1448 1562 1499 scobe,
1591 1461 1637 1489 ut
1655 1449 1871 1491 humiditas

342 1511 418 1553 hac
437 1522 628 1556 arceatur,
663 1522 765 1563 quae
782 1508 874 1548 dein
892 1508 1009 1548 cistae
1024 1508 1149 1556 corio,
1190 1507 1422 1561 praesertim
1440 1505 1682 1556 Phocarum,
1710 1506 1872 1549 insuun-

346 1582 420 1610 tur.
481 1565 670 1619 Tunguli
687 1564 977 1619 pulcherrimas
994 1564 1079 1604 suas
1097 1563 1314 1604 Zibellinas
1341 1563 1510 1618 lingulas
1537 1564 1641 1604 inter
1665 1560 1873 1618 segmenta

345 1638 446 1680 pura
469 1623 628 1666 corticis
652 1623 807 1662 externi
833 1621 989 1661 betulae
1014 1633 1282 1674 componunt,
1313 1621 1592 1675 comprimunt
1615 1634 1654 1661 et
1673 1621 1785 1661 corio
1804 1620 1871 1661 ob-

345 1682 475 1732 suunt,
504 1692 585 1734 qua
603 1679 755 1719 ratione
775 1677 987 1719 diutiliime
1003 1677 1085 1718 fine
1102 1676 1183 1717 ullo
1198 1675 1445 1717 detrimento
1463 1676 1715 1717 asservantur.
1775 1677 1872 1718 Cae-

346 1751 479 1780 terum
503 1735 626 1791 pelles
638 1734 935 1778 'Zibellinarum
961 1749 1034 1788 per
1050 1734 1101 1783 se,
1132 1735 1250 1775 etiam
1269 1733 1355 1786 post
1371 1732 1610 1775 diuturnum
1626 1734 1755 1780 usum,
1783 1747 1872 1789 gra·

347 1809 434 1837 tum
451 1792 671 1848 quendam,
700 1791 1024 1833 submoschatum
1051 1791 1223 1831 odorem
1249 1790 1408 1844 spirant.

462 1875 685 1915 Varietates
710 1873 946 1915 innumerae
973 1873 1117 1912 coloris
1137 1869 1663 1925 pelliumsquo‘Zibellinae
1681 1869 1873 1912 omnibus

350 1930 599 1978 animalibus,
630 1929 819 1983 vulpibus
846 1943 1023 1983 quoque,
1060 1929 1391 1968 inconstantiores
1416 1928 1516 1977 sunt,
1556 1931 1736 1981 itemque
1762 1926 1873 1968 boni-

349 2003 418 2037 tas,
450 1987 595 2042 partim
621 2000 641 2026 a
664 1985 756 2026 loco
776 1999 814 2026 et
835 1987 996 2026 climat-e
1012 1985 1207 2039 pendent,
1236 1985 1443 2037 partimin
1462 1983 1606 2024 eadem
1621 1984 1790 2039 regione
1809 1997 1871 2025 va-

348 2047 473 2098 riant3
506 2043 556 2083 de
575 2056 657 2097 quo
676 2040 796 2085 fulius
814 2042 1031 2082 dicendum
1044 2040 1178 2083 ,adhuc
1195 2041 1320 2082 restat.

467 2116 678 2157 Exercitati
697 2117 737 2154 in
758 2114 830 2155 hac
848 2129 984 2155 merce
1001 2115 1250 2155 Mer-catores
1267 2127 1319 2153 ex
1332 2113 1438 2166 pelle
1456 2111 1569 2155 facile
1582 2125 1749 2164 norunt,
1778 2126 1872 2168 qua—

350 2189 447 2218 nam
465 2172 631 2215 Sibiriae
654 2172 697 2213 in
722 2174 892 2227 regione
917 2186 956 2213 et
979 2172 1028 2213 ad
1053 2185 1274 2227 quemnam
1289 2170 1460 2212 fluvium
1476 2183 1590 2224 capta
1603 2167 1724 2212 fuerit
1738 2169 1871 2266 Zilbel-

1797 2238 1873 2267 ma.
