2032 2732
670 253 851 309 Qu&
971 256 1176 308 (68)
1293 253 1474 310 Qu&

324 354 441 408 gium
463 347 727 407 deponendi,
752 363 806 390 eo
825 346 997 408 quidem
1013 346 1263 398 discrimine,
1293 360 1340 391 ut
1366 349 1419 392 ad
1443 363 1565 392 renes
1588 349 1823 395 concrescat

323 408 465 452 sebum
485 407 645 455 durius,
674 407 781 448 circa
810 406 985 448 caudam
1002 421 1106 449 vero
1124 406 1340 465 pinguedo
1359 406 1542 449 confluat
1558 407 1740 457 mollior,
1766 421 1825 451 te-

323 467 464 514 nuior,
494 464 583 508 fere
599 464 852 521 butyracea‚
881 465 922 505 in
943 464 1139 507 culinario
1155 464 1223 507 usu
1235 496 1247 513 ,
1272 465 1317 507 ὄε
1332 466 1514 507 coriariis
1530 477 1690 508 tantum
1708 466 1823 510 adhi-

322 523 485 572 benda,
513 539 589 581 pro
608 521 790 566 candelis
806 522 979 570 inutilis;
1024 522 1135 565 unde
1158 523 1395 582 corrigendi
1417 521 1506 565 sunt
1531 524 1601 583 qui
1629 535 1823 581 putarunt

324 582 594 625 Ruminantia
616 580 807 624 animalia
831 579 962 622 solum
985 579 1128 625 sebum
1153 595 1377 639 generare,
1394 581 1561 638 adipem
1585 581 1823 624 molliorem

325 654 553 699 nunquam.

442 697 552 741 Orta
579 696 645 738 illa
669 695 794 739 semel
822 696 930 738 circa
954 695 1128 739 caudam
1156 695 1354 740 collectio
1376 697 1664 755 pinguedinis,
1694 697 1826 739 veluti

326 755 500 815 genialis
519 753 705 802 morbus,
733 768 809 811 per
828 755 1121 811 generationes
1139 754 1282 797 sensim
1301 752 1500 797 adauctus
1512 753 1598 797 suit.
1652 754 1740 812 Ipsa
1751 770 1826 797 ex-

327 827 462 857 trema
481 828 576 871 pars
593 812 747 854 caudae
765 810 865 852 hine
884 810 1027 853 sensim
1041 844 1052 859 ‚
1090 813 1450 871 quemadmodum
1479 813 1521 853 in
1546 812 1632 854 aliis
1655 827 1828 871 quoque

357 870 530 919 artibus,
567 869 822 927 pinguedine
859 867 1065 910 suffocatis
1097 872 1295 926 exempla
1324 867 1482 911 habent
1516 868 1824 912 Observatores

326 887 484 971 lisledici
498 960 510 975 ,
536 942 559 968 a
579 925 934 983 superabundante
950 926 1056 967 circa
1079 926 1266 977 ejusdem
1282 925 1392 968 balin
1413 927 1544 984 adipis
1560 927 1739 969 colluvie
1755 926 1825 971 ab·

326 984 457 1028 sumta
480 986 548 1027 vel
573 983 785 1025 interclusa
808 982 1050 1025 articulatim
1078 984 1211 1040 periit.
1272 984 1419 1043 ltaque
1444 982 1574 1026 hodie
1599 985 1641 1026 in
1657 983 1828 1028 Ovibus

327 1043 586 1100 steatopygis
606 1042 736 1083 cauda
751 1055 850 1083 vera
868 1040 978 1082 nulla
998 1040 1194 1098 superest,
1225 1040 1294 1084 sed
1314 1053 1474 1083 tantum
1490 1041 1674 1099 Coccyx
1696 1041 1827 1085 tribus

327 1113 560 1159 quatuorve
577 1098 766 1141 constans
788 1098 1015 1147 vertebris,
1045 1113 1219 1157 quarum
1237 1097 1443 1157 processus
1469 1098 1686 1142 transversi
1709 1101 1826 1157 apice

358 1157 440 1200 uasi
469 1157 677 1217 colliquati
706 1155 814 1204 sunt,
843 1155 886 1198 dc
921 1169 1140 1199 extremae
1168 1172 1320 1214 corpus
1355 1158 1473 1214 apice
1505 1153 1630 1199 crasso
1648 1188 1660 1205 ‚
1694 1158 1826 1200 veluti

327 1174 530 1273 {ibruptm
563 1213 709 1258 obtuse
736 1212 990 1271 subcapitato
1018 1212 1086 1255 seu
1107 1226 1154 1256 ut
1181 1215 1237 1256 ita
1261 1215 1395 1256 dicam
1421 1214 1732 1272 circumliqnato
1748 1227 1828 1257 ter-

327 1277 528 1321 minatur,
566 1285 712 1331 aperto
734 1271 892 1313 indicio
922 1284 1137 1314 extremas
1171 1287 1258 1314 non
1287 1272 1555 1313 intermedias
1583 1270 1829 1315 intercidisse

328 1331 555 1376 vertebras.
614 1332 663 1373 ln
694 1344 744 1372 ea
765 1329 918 1371 deinde
940 1329 1077 1386 prole,
1113 1343 1238 1386 quam
1268 1341 1408 1386 raptae
1426 1329 1496 1371 vel
1513 1341 1680 1387 emptae
1699 1328 1825 1371 Rulli-

329 1405 405 1433 cae
428 1403 533 1432 oves
555 1389 597 1430 in
615 1387 857 1431 Nomadum
872 1385 1071 1445 gregibus
1087 1385 1156 1430 sub
1174 1386 1442 1445 pinguiclune
1452 1387 1598 1428 Ariete
1613 1399 1828 1444 generant,

328 1446 459 1490 cauda
474 1444 583 1488 ossea
598 1446 730 1487 multo
753 1443 853 1487 solet
871 1442 949 1486 esse
966 1442 1213 1501 perfefiion
1244 1442 1447 1486 vertebris
1468 1444 1616 1486 decem
1634 1445 1702 1486 vel
1726 1445 1828 1486 duo-

328 1505 465 1547 decim
484 1502 674 1551 conflata,
698 1517 872 1562 quarum
891 1502 1085 1544 dimidius
1102 1517 1298 1544 numerus
1315 1499 1566 1559 proceffibus
1585 1501 1824 1545 transversis

327 1559 546 1605 instructus
570 1561 646 1611 est,
681 1573 899 1603 extremae
921 1558 1064 1602 sensim
1090 1557 1156 1602 his
1179 1572 1320 1602 carent
1355 1559 1398 1601 ἃ
1425 1560 1466 1600 in
1488 1560 1645 1602 exilem
1663 1562 1826 1617 apicem

326 1621 573 1663 adtenuatae
592 1617 792 1661 desinunt.
852 1618 1007 1659 lisdem
1024 1618 1289 1675 pinguedinis
1308 1615 1398 1659 satis
1415 1615 1583 1674 insignis
1599 1619 1733 1660 moles
1756 1617 1826 1661 ba-

326 1676 383 1719 fin
410 1678 586 1728 caudae,
616 1675 753 1719 subtus
787 1676 961 1723 nudam,
998 1675 1225 1732 oblongata
1253 1674 1388 1716 forma
1411 1675 1655 1723 circumdat,
1686 1689 1824 1719 extre-

327 1737 449 1778 mitas
470 1750 574 1779 vero
596 1735 751 1776 caudae
783 1733 1080 1790 appendiculae
1105 1732 1227 1774 instar
1250 1734 1385 1774 tenuis
1415 1732 1459 1774 ἀ
1485 1732 1669 1789 undique
1691 1733 1826 1776 lanata

327 1794 494 1850 pendet.
556 1792 739 1844 Qualem
758 1789 1001 1833 struCturam
1018 1791 1144 1832 etiam
1166 1789 1272 1832 infra
1287 1792 1329 1832 in
1346 1788 1581 1831 Eucharieis
1603 1788 1753 1833 ovibus
1764 1793 1823 1833 vi-

327 1850 519 1893 debimus
542 1850 586 1892 c&
623 1850 733 1908 apud
766 1847 1101 1901 Krafimjarenfes
1130 1850 1307 1889 Tataros
1332 1862 1419 1888 non
1449 1861 1540 1888 raro
1564 1845 1826 1897 observatum

326 1923 537 1966 quamque
573 1908 836 1950 GMtLrNus
871 1907 979 1947 male
1008 1904 1182 1947 credidit
1219 1904 1415 1946 omnibns
1448 1905 1568 1962 agnis
1607 1905 1827 1950 Varietatis

325 1966 597 2023 steatopygae
623 1963 850 2005 naturalem
876 1961 955 2004 esse
977 1964 1029 2015 ².)
1088 1961 1247 2003 Poterit
1268 1960 1434 2004 forsitan
1465 1977 1550 2003 non
1575 1961 1658 2005 fine
1682 1961 1825 2007 funda-

325 2036 471 2066 mento
489 2022 652 2078 concipi
671 2019 845 2062 similem
862 2020 980 2062 initio
998 2017 1379 2061 conformationem
1399 2019 1553 2061 mutilis
1570 2019 1651 2062 istis
1677 2020 1824 2064 steato-

324 2082 452 2140 pygis
472 2079 622 2124 ovibus
647 2090 786 2120 ortum
809 2076 984 2126 dedisse,
1021 2076 1123 2119 dum
1148 2074 1257 2120 forte
1288 2078 1534 2120 extremitas
1562 2077 1631 2119 illa
1653 2080 1821 2129 caudae,

1735 2152 1824 2195 pin-

360 2239 397 2274 ιτ.)
417 2235 489 2265 Nov„
511 2235 656 2263 comment.
673 2233 781 2272 Petrap.
811 2232 867 2261 1202.
890 2233 920 2261 V.
940 2239 969 2270 p„
985 2243 1038 2268 ³43-
1060 2232 1110 2261 ubi
1129 2231 1221 2263 brevis
1244 2233 1269 2263 ὃς
1290 2231 1464 2262 insufficiens
1485 2232 1555 2263 Ovis
1578 2231 1762 2273 steatopygae
1776 2234 1822 2264 de—

404 2277 512 2317 scriptio
528 2279 552 2306 &
568 2275 696 2310 historia„
719 2285 784 2304 cum
801 2273 920 2305 obscura
938 2276 1022 2304 leone
1036 2274 1099 2304 daza
1114 2273 1164 2303 cst.
