2032 2732
589 152 1097 263 ‘exose-(2⁵)
1212 199 1392 260 Qec*

353 307 403 350 ln
423 304 651 361 Agnofi’ro
677 299 821 358 primis
846 297 994 341 diebus
1019 298 1131 354 Junii
1158 298 1200 340 in
1219 299 1406 342 Davuria
1421 295 1579 347 occiso,
1609 298 1733 342 adeo-

239 364 425 426 quesere
443 360 652 408 trimestri,
682 358 804 400 villus
818 357 1066 414 congenitus
1087 357 1129 398 in
1147 369 1240 399 toto
1257 372 1436 414 corpore
1452 355 1733 415 gryseo-cine-

237 439 350 472 reus,
380 420 607 466 obscurior,
638 415 842 459 extremis
860 415 1043 473 pilorum
1061 413 1227 463 albidis,
1259 417 1428 473 caprino
1445 414 1631 463 mollior,
1661 429 1735 456 un.

238 482 420 530 dulacus,
448 475 671 537 pollicari&
702 474 745 515 in
764 471 962 515 fronte&
981 471 1118 516 nucha
1134 473 1309 531 largior,
1339 471 1550 531 crispulus,
1585 471 1738 531 ubique

241 539 436 596 lanugine
451 530 748 578 cinereo-fusca
769 528 998 574 substratus.

677 651 1304 706 MENSURAE.

237 742 421 809 Pondus
438 767 593 808 Arietis
613 763 781 808 senioris
797 763 874 807 fuit
893 775 1174 807 trecentarum
1187 761 1231 805 δε
1247 761 1397 805 decem
1413 760 1637 806 Librarum
1653 778 1738 807 me-

238 825 495 870 dicinalium;
520 824 701 876 femellae
726 823 890 865 adultae
909 822 1182 865 ducentarum
1199 820 1243 862 <Sc
1263 835 1423 863 novem
1437 836 1534 864 cum
1550 821 1742 870 dimidia;

239 885 356 940 Agm‘
375 881 451 924 feri
470 880 680 923 trimestris
697 880 970 939 quadraginta
987 891 1165 939 quatuor
1186 893 1283 920 cum
1303 876 1471 923 semisse.

355 939 572 994 Mensuras
587 938 869 995 generaliores
885 939 1042 978 Arietis
1058 936 1283 994 praemitto
1306 935 1549 993 sequentes:

299 996 543 1056 Longitudo
563 1008 651 1038 tota
669 1010 693 1037 a
715 994 877 1036 summo
892 994 1023 1036 rostro
1049 993 1103 1036 acl
1127 1008 1255 1035 anum
1322 1018 1381 1025 -—
1496 996 1550 1045 5¹,
1562 994 1627 1048 9¹⁴.
1644 996 1746 1040 10‘¹‘.

297 1081 355 1088 -—-
410 1068 614 1097 cornuum
632 1052 857 1095 secundum
876 1049 1042 1094 dorsum
1064 1066 1141 1110 per
1167 1049 1376 1095 anfrafikus
1401 1050 1475 1110 spi·
1516 1072 1521 1075 ·

451 1109 867 1153 raeme'nsuratorum
909 1135 968 1140 —
1117 1133 1178 1140 —-
1328 1133 1387 1140 -——
1505 1123 1542 1162 3.
1578 1124 1640 1153 10.
1669 1127 1707 1164 9.

299 1168 507 1213 Distantia
523 1167 755 1210 eorundem
772 1165 855 1209 basl
911 1190 970 1197 --
1120 1190 1178 1197 —
1330 1191 1390 1198 —
1505 1183 1544 1209 ο.
1577 1183 1617 1209 0.
1677 1173 1737 1213 6.,

300 1225 650 1272 circumferentia
667 1222 812 1268 baseos
908 1248 968 1255 ——
1119 1247 1178 1254 --
1330 1247 1388 1253 ·—-
1508 1239 1544 1267 1.
1575 1239 1614 1267 2.
1648 1239 1710 1268 11.

299 1284 504 1328 Distantia
520 1284 628 1325 inter
646 1295 865 1325 extremos
883 1282 1022 1340 apices
1046 1294 1122 1339 per
1142 1279 1327 1323 frontem
1507 1297 1545 1326 2.
1575 1297 1613 1336 7.
1672 1298 1710 1335 9.

302 1368 358 1373 -—
416 1343 524 1384 inter
540 1340 718 1397 posticos
739 1354 880 1388 arcus,
908 1352 1019 1382 trans
1036 1339 1246 1382 cervicem
1331 1362 1389 1369 ——
1512 1356 1546 1383 1.
1577 1354 1616 1392 4.
1676 1355 1714 1384 2.

302 1398 506 1443 Latitudo
523 1397 681 1440 summa
699 1412 906 1440 cornuum
924 1396 977 1439 acl
993 1394 1107 1440 basin
1333 1419 1392 1427 ——
1508 1412 1546 1438 0.
1576 1413 1616 1447 5.
1677 1413 1714 1449 7.

301 1454 512 1502 Craffities
533 1455 691 1498 ibidem
708 1454 868 1497 summa
909 1480 968 1486 ——-
1118 1478 1177 1484 —
1328 1478 1387 1484 —
1501 1469 1541 1497 0.
1579 1470 1615 1506 3.
1672 1472 1712 1509 9.

301 1514 498 1558 Latitudo
519 1511 658 1555 versus
685 1513 1012 1560 extremitatem,
1029 1509 1260 1569 spithamali
1282 1509 1335 1555 ab
1365 1512 1482 1569 apice

449 1570 669 1613 intervallo
915 1595 974 1601 —
1125 1593 1184 1600 —-
1336 1594 1394 1599 —-
1509 1583 1549 1612 0.
1583 1583 1621 1621 3.
1680 1573 1719 1614 6.

302 1654 359 1662 —-
417 1626 563 1686 inipso
590 1629 707 1685 apice
920 1652 978 1658 -—
1130 1650 1188 1657 —
1338 1650 1398 1657 ·—-
1513 1641 1552 1668 o.
1586 1642 1621 1669 2.
1674 1643 1712 1671 2.

360 1687 535 1743 Singula
556 1700 706 1728 cornua
725 1699 784 1727 ex
799 1684 887 1738 aliis
908 1681 1121 1727 Arietibus
1139 1682 1308 1734 adultis,
1337 1697 1444 1743 quae
1464 1682 1543 1726 istis
1562 1684 1749 1746 aequalia

247 1744 357 1795 sunt,
388 1758 485 1787 cum
495 1740 607 1786 osseo
616 1742 767 1786 nucleo
784 1743 827 1785 in
847 1742 992 1788 statera
1012 1741 1196 1799 pendent
1217 1740 1431 1785 sexdecim
1448 1739 1610 1786 Libras.

1702 1838 1752 1882 In

332 1954 386 1984 pro
400 1943 475 1973 nulla
489 1944 541 1974 alia
556 1943 608 1974 nifi
630 1943 791 1975 Mulinonis
814 1943 879 1974 lana
900 1942 1004 1973 habere
1024 1943 1154 1983 possum,
1186 1945 1261 1975 inter
1276 1942 1410 1975 detonsos
1430 1943 1505 1975 forte
1526 1943 1599 1984 pilos
1621 1945 1753 1975 manibus

334 1986 418 2019 lein,
442 1985 520 2023 quod
537 1987 561 2015 8<
576 1987 731 2016 intermixti
747 1986 797 2026 pili
814 1984 995 2015 confirmant.
1039 1987 1114 2015 Hinc
1130 1986 1316 2016 verosimilior
1333 1987 1404 2016 mihi
1419 1986 1489 2016 faiis
1505 1987 1544 2016 est
1558 1987 1655 2016 relatio
1671 1989 1750 2026 prius

333 2028 409 2064 (not.
424 2027 467 2059 i.)
484 2027 619 2061 excitata,
640 2028 796 2058 secundum
813 2037 900 2066 quam
917 2025 1084 2057 Musmones
1103 2029 1132 2057 in
1147 2028 1304 2059 California
1322 2030 1348 2058 ὅ(
1363 2029 1479 2067 reliquis
1493 2029 1621 2058 orientali
1637 2039 1700 2058 orae
1713 2030 1750 2057 vi-

335 2069 405 2098 cinis
421 2068 569 2097 Americae
584 2068 704 2099 borealis
719 2070 883 2103 montibus,
906 2069 964 2098 dari
979 2068 1114 2098 credibile
1136 2070 1190 2099 esse
1211 2070 1280 2100 dixi.
1326 2070 1359 2100 ln
1380 2071 1445 2109 ipsis
1459 2071 1535 2099 enim
1549 2069 1646 2099 insulis
1659 2079 1751 2108 neque

336 2108 462 2139 Tan-andi
477 2118 569 2146 neque
578 2109 743 2140 Musmones
760 2111 877 2145 dantur,
903 2112 929 2140 8<
954 2111 1063 2139 incolae
1079 2121 1145 2140 cum
1161 2110 1287 2142 Aliaticis
1302 2113 1416 2151 populis
1431 2112 1634 2141 commercium
1658 2112 1748 2139 omni-

336 2161 373 2180 no
390 2151 502 2180 nullum
516 2149 638 2185 habent,
653 2153 724 2189 pilos
734 2161 828 2181 autem
843 2153 965 2192 &pelles
980 2152 1183 2182 Tarandorum
1197 2153 1231 2184 ab
1247 2154 1425 2186 Americanie
1440 2153 1588 2185 certiffime
1600 2152 1750 2192 accipiunt.

343 2204 472 2262 spicil.
498 2202 609 2246 Zool.
632 2202 735 2259 chsc.
753 2203 826 2245 XI,
1140 2202 1186 2246 D
