2032 2732
477 247 657 306 w
778 250 991 303 (41)
1107 249 1288 309 ’ΜΨ

136 345 372 404 diaphanis,
400 359 487 388 non
508 341 793 387 retraffilibus.
873 343 1016 388 Caulis
1047 344 1093 387 dc
1114 348 1218 389 rami
1249 347 1414 391 mucosa
1434 350 1633 406 gelatina,

133 404 318 463 capsulae
341 415 480 447 autem
501 401 627 461 paulo
650 400 816 444 duriore
839 415 959 443 carne
981 402 1092 444 intus
1117 405 1300 461 repletae
1327 405 1436 454 sunt3
1466 406 1548 451 hae
1574 420 1633 451 ta-

135 477 234 505 men
250 463 324 509 ita,
355 472 400 504 ut
412 456 557 517 rugosa
572 456 738 517 superfit
753 460 910 501 cavitas
926 460 1011 502 reci
1040 460 1173 503 iendis
1194 461 1297 504 cibis
1310 463 1519 508 destinata.

250 519 323 562 Ad
345 515 456 561 basin
480 515 731 574 capsularum
755 520 958 569 maJ'orum
981 531 1003 559 a
1035 517 1313 577 ultiorumque
1337 522 1492 579 exigua
1513 521 1634 582 saepe

132 591 304 620 verruca
326 575 392 618 vel
409 572 669 617 tuberculum
689 572 953 632 conspicitur3
980 589 1030 616 an
1043 574 1238 632 prolifera
1256 579 1530 634 gennnula?“

248 633 381 676 Addit
397 631 697 675 GALRTNERUst
726 646 784 680 „a
798 630 1030 674 Tubularia
1051 642 1143 674 utut
1169 648 1255 675 non
1271 635 1399 692 longe
1419 636 1537 680 distet
1565 639 1631 682 Co·

133 701 248 747 ryme,
277 689 330 734 ab
353 704 403 732 ea
420 701 562 732 tamen
590 687 774 738 differre,
802 686 989 746 ipfiffima
1013 702 1082 732 tua
1097 688 1409 733 verbaOElerzch.
1433 694 1579 749 Zooph.
1593 707 1633 752 p.

134 764 202 803 79.
214 759 279 795 80.
299 746 478 790 suadent.
507 746 646 806 Caput
660 747 774 790 enim
782 745 981 806 Corynes
992 763 1070 806 pro
1081 746 1210 791 lubitu
1226 748 1412 792 animalis
1426 751 1633 797 retraetile

132 821 216 848 non
234 805 311 854 est,
341 820 420 848 nec
435 806 635 864 pinnulis,
665 804 732 848 sed
758 806 869 848 veris
896 806 1133 855 tentandis,
1170 810 1262 849 utut
1288 808 1443 865 pariter
1465 824 1551 852 non
1570 824 1631 853 re·

133 860 356 906 trastilibus
365 861 625 911 instructum
643 863 848 906 tentacula
858 866 970 907 enim
981 865 1046 906 illa
1055 864 1256 924 quidquid
1265 866 1319 908 est
1329 865 1505 910 idoneae
1516 883 1633 926 prae-

133 921 211 963 dae
239 923 436 978 arripere,
451 918 706 979 junstisqoe,
728 920 757 963 s1
777 937 904 980 opus,
919 920 1075 964 viribus
1104 922 1203 964 illud
1222 924 1282 964 ori
1303 923 1531 967 admouere
1548 924 1633 983 ipse

132 979 222 1035 plus
236 976 361 1021 semel
378 979 478 1026 vidi,
501 990 546 1021 ut
563 978 616 1021 de
631 977 700 1021 usu
718 993 864 1021 eorum
881 978 1054 1022 dubium
1069 979 1226 1021 nullum
1244 978 1300 1021 fit.
1333 980 1500 1024 Cortex
1514 998 1631 1040 prae-

134 1049 247 1078 terea
271 1037 414 1094 capitis
437 1051 515 1094 pro
540 1037 865 1079 transmittendis
883 1037 1098 1079 tentaculis
1115 1036 1366 1094 perforatus,
1382 1038 1526 1081 itidem
1545 1055 1631 1082 non

131 1092 242 1135 lente
268 1094 375 1135 inter
399 1106 621 1151 utrumque
649 1092 802 1135 horum
830 1093 1157 1151 Zoophytorum
1183 1093 1397 1138 discrimen
1419 1096 1631 1154 praebet.“

131 1149 362 1210 Hucusque
389 1151 589 1193 Celeberr.
605 1150 904 1193 GAERTNERL'S.

246 1208 333 1263 Fig.
350 1219 385 1254 8.
396 1222 433 1250 a.
443 1222 478 1249 a.
486 1221 523 1249 a.
543 1206 632 1249 sunt
651 1207 792 1264 stirpes
804 1208 974 1268 aliquot,
990 1207 1093 1250 alter
1107 1205 1297 1265 simplex,
1309 1207 1377 1251 sed
1392 1210 1495 1254 alter
1507 1211 1629 1269 proli-

132 1263 193 1307 fer
208 1262 289 1307 siue
306 1262 573 1314 subramosus‚
592 1265 752 1307 ramulo
763 1265 865 1307 Fuci
874 1265 1084 1317 cujusdam
1095 1266 1378 1308 confervoidis
1394 1266 1631 1317 infidentes,

132 1323 271 1364 nativa
288 1337 356 1365 ma
389 1322 576 1364 nitudine
596 1323 649 1364 A.
686 1322 819 1380 Stirps
835 1320 1034 1364 ramosior
1047 1336 1140 1371 una,
1156 1323 1266 1366 lente
1285 1320 1425 1374 arista,
1445 1324 1515 1368 ubi
1527 1328 1627 1383 capi-

130 1380 310 1422 tulorum
330 1396 356 1422 o
375 1380 463 1421 cula
478 1379 522 1422 ὅτ
539 1380 744 1422 tentacula
761 1381 933 1438 egregie
947 1392 1156 1438 apparent.

246 1437 290 1478 B.
308 1439 341 1478 ἰν.
369 1437 618 1479 Naturali&
634 1435 756 1480 {iusta
771 1438 1059 1495 magnitudine
1081 1436 1218 1479 sistunt
1235 1439 1474 1496 portionem
1490 1439 1629 1498 Cory-

133 1509 201 1537 nes
217 1495 258 1536 in
279 1494 416 1537 littore
432 1493 599 1552 belgico
617 1496 723 1537 circa
744 1495 1019 1537 Sertulariam
1037 1494 1301 1551 longzffimam
1319 1498 1508 1540 maxime
1527 1513 1629 1541 cres·

132 1553 275 1600 centis,
292 1551 363 1595 ubi
378 1553 434 1594 im
469 1553 582 1594 rimis
597 1551 832 1610 capitulaad
851 1550 962 1594 basm
979 1553 1115 1595 ovulis
1133 1552 1275 1609 stipata
1290 1566 1501 1610 apparent.

249 1609 337 1665 Fig.
359 1625 396 1661 9.
415 1624 438 1652 e
489 1609 686 1667 Corynes
711 1606 833 1652 affine
857 1610 1099 1666 Zoophyton,
1115 1607 1336 1652 solitarium
1354 1608 1438 1652 sem
1470 1626 1535 1661 er,
1552 1627 1631 1655 nec

133 1681 315 1726 unquam
341 1664 548 1708 ramosum
594 1666 910 1727 roliferumque,
936 1679 1072 1708 totum
1102 1667 1240 1708 molle.
1301 1669 1353 1709 D.
1374 1671 1411 1709 d.
1445 1670 1631 1721 <jusdem

133 1722 337 1781 specimen
353 1724 487 1767 ovulis
505 1724 557 1766 de
594 1726 761 1772 itutum,
777 1724 994 1766 tentaculis
1012 1739 1115 1777 vero
1130 1725 1314 1784 undique
1342 1723 1514 1768 exsertis
1533 1725 1629 1768 hor-

134 1795 248 1828 rens,
271 1781 441 1823 naturali
462 1780 505 1824 ἀ*
526 1780 647 1824 aucta
668 1797 736 1823 ma
771 1782 968 1824 nitudine.
1049 1781 1119 1823 Ad
1139 1782 1237 1822 EF.
1255 1781 1477 1839 specimina
1495 1784 1630 1827 ovulis

133 1838 274 1880 onusta
293 1837 458 1882 exserto
475 1851 598 1898 atque
616 1797 799 1883 retrasso
814 1854 889 1881 ore
913 1837 1107 1882 fistuntur.

248 1897 335 1952 Fig.
369 1912 428 1939 10.
462 1897 632 1953 tandem
657 1896 723 1939 'est
760 1896 827 1939 illa
856 1895 1081 1939 Brachioni
1105 1894 1281 1953 species,
1331 1911 1456 1953 quam
1484 1897 1529 1940 B.
1549 1912 1627 1940 cera

136 1966 258 1995 mmm
276 1968 428 1997 vocare
443 1953 589 2012 poffes.
614 1956 652 1998 h.
665 1953 837 1998 naturali
861 1953 905 1996 &
924 1954 975 1995 H.
993 1949 1115 1997 -aucsta
1130 1954 1429 2012 magnitudine.

737 2064 1034 2103 ww

860 2242 889 2283 F
1383 2238 1629 2286 SENECA
