2032 2732
561 232 742 291 ’ΝΜ
860 235 1066 290 (19)
1183 234 1363 292 Qess*

216 329 310 373 viae
327 331 379 379 ²¹).
439 329 556 380 Quin
577 340 739 386 reperta
763 342 932 388 quoque
951 327 1028 370 fuit
1053 329 1099 370 in·
1114 331 1271 388 campis
1295 331 1504 373 montanis
1528 329 1580 374 ad
1604 330 1716 375 Aba-¹

213 387 372 430 kanum
392 386 492 429 saxo
512 386 668 428 ruditer
704 383 846 428 efficta
875 385 1030 443 species
1056 386 1266 442 Argalidis
1285 387 1625 446 procumbentis,
1643 404 1714 432 na-

215 445 334 487 turali
363 443 675 502 magnitudine,
721 446 834 495 cujus
878 444 1046 485 iconem
1086 443 1202 487 dedit
1231 446 1714 495 STRALENBERGHJS,

216 518 229 544 ‹
248 517 425 562 uanique
454 499 688 543 Tobolium
716 499 940 544 devectam
969 499 1052 558 ipse
1077 501 1173 543 vidi.
1236 503 1366 546 Unde
1391 501 1583 560 fingulari
1605 505 1715 562 apud

214 518 329 602 iikam
350 570 522 616 gentem
547 558 821 600 monticolam
835 559 970 600 immo
990 556 1157 601 forsitan
1176 559 1321 603 divino
1341 561 1384 602 in
1401 559 1566 605 honore
1582 562 1716 620 Arga-

211 617 260 659 lis
277 616 390 659 fuisse
412 614 632 659 videbitur.

325 673 541 732 Superest,
571 685 617 716 ut
633 673 686 716 de
704 674 752 716 iis
771 674 927 723 dicam,
958 674 1029 734 qui
1048 684 1145 716 ante
1161 689 1231 716 me
1251 675 1305 717 de
1323 674 1408 718 hoc
1425 677 1592 720 animali
1620 693 1720 738 ege-

212 743 318 774 runt.
381 733 549 774 Praeter
570 730 892 789 descriptionem
921 731 1156 774 GMELINI
1178 732 1352 786 senioris
1367 734 1409 774 in
1435 735 1653 778 Itinerario
1666 739 1719 790 fi-

211 791 333 831 birico
350 801 474 848 atque
495 787 758 846 posthumam
770 822 780 837 ,
810 804 919 850 quae
933 789 1098 848 plenior
1116 790 1160 831 <Sc
1179 804 1272 831 cum
1291 789 1501 832 iconismis
1520 793 1720 835 Commen-

208 849 329 889 tariis
347 862 397 889 720
405 849 465 888 vis
481 848 724 889 Academiae
743 849 1072 903 Petropolnanae
1097 845 1247 901 inserta
1263 847 1341 895 est,
1372 848 1484 890 nulla
1509 850 1720 908 Argalidis

210 903 427 963 hucusque
455 904 620 962 prodiit.
680 904 1171 946 Messmscnmmus
1219 904 1288 947 vel
1317 904 1472 947 nullam
1498 908 1719 951 concinna-

209 974 346 1009 verat,
377 962 442 1004 vel
472 961 613 1004 saltem
639 962 747 1003 inter
768 960 993 1027 posthuma
1012 965 1098 1014 ejus
1118 960 1410 1020 Manuscripta,
1430 978 1537 1022 quae
1557 962 1718 1009 servan-

208 1032 296 1067 tur,
325 1020 434 1061 nulla
451 1018 648 1076 superest,
677 1018 744 1061 sed
764 1034 910 1062 icones
932 1017 1102 1061 adfu=sse
1129 1018 1402 1062 GMELINUS
1429 1021 1613 1077 prodidit
1630 1038 1718 1066 eas-

207 1092 288 1135 que
307 1089 443 1124 taxat‚
475 1076 570 1119 licet
585 1076 698 1118 haud
717 1078 851 1118 multo
876 1077 1072 1119 meliores
1091 1075 1174 1134 ipse
1190 1077 1452 1133 produxerit.
1512 1079 1559 1121 In
1585 1079 1717 1123 Hode-

203 1137 334 1189 getico
351 1147 473 1192 atque
486 1135 528 1175 in
545 1135 658 1176 Xeno
677 1135 789 1186 Isidis
802 1135 965 1186 fibirico
984 1134 1113 1182 MSUS,
1144 1131 1278 1176 solum
1296 1149 1467 1183 nomen,
1497 1137 1614 1195 quod
1631 1139 1716 1181 ani„

206 1192 304 1233 mali
332 1190 450 1233 solito
478 1189 549 1233 suo
573 1190 693 1232 more
718 1191 885 1240 indidit,
915 1206 1009 1233 cum
1035 1189 1279 1234 definitione
1307 1190 1426 1235 brevi
1452 1196 1630 1237 occurrit
1645 1194 1712 1240 his

203 1247 362 1292 verbis:
395 1250 698 1297 „Acriodoroas
727 1262 944 1306 pygargus
976 1248 1044 1291 seu
1076 1248 1335 1307 Arieticapra
1373 1250 1582 1307 rupestris,
1625 1252 1713 1296 visu

205 1307 396 1355 „eximie
413 1306 593 1364 pollens,
616 1305 834 1348 cornubus
852 1307 1053 1353 arietinis,
1085 1305 1272 1348 clunibus
1295 1306 1340 1348 (Ξῖ
1357 1307 1487 1350 cauda
1511 1310 1639 1367 Capri
1655 1312 1710 1354 al-

206 1396 230 1413 ‚,
241 1363 360 1412 hidis,
380 1362 545 1411 habitu,
571 1363 773 1405 statura&
786 1364 894 1421 pelle
907 1364 1053 1410 Cervi;
1084 1361 1243 1406 bisulca.
1306 1365 1373 1406 An
1390 1364 1612 1424 Pygargus
1629 1370 1709 1410 Pli-

202 1424 317 1471 »πίῃ
349 1422 603 1463 Alclrovandi
622 1420 667 1463 <Sc
690 1421 886 1475 Jonstom'.
948 1421 1135 1463 Buraetis
1151 1420 1196 1463 δέ
1212 1420 1425 1479 Tungufis
1452 1424 1493 1464 in
1521 1424 1709 1469 Davuria

202 1511 226 1527 ,‚
240 1480 407 1534 Argali,
439 1475 568 1520 Ruffis
586 1479 747 1533 Stepnoi
769 1480 954 1527 Harma„
1016 1477 1267 1539 Eodemque
1291 1477 1378 1521 fere
1395 1481 1568 1524 nomine
1583 1483 1626 1525 in
1639 1485 1709 1527 Ca·

203 1538 338 1591 talogo
363 1537 490 1589 Musei
508 1537 800 1590 Petropolitani
820 1547 857 1590 p.
888 1550 975 1589 337.
1001 1550 1045 1581 n..
1077 1549 1141 1587 14.
1174 1535 1418 1579 recensetur.
1438 1562 1496 1569 -—-
1555 1539 1708 1583 Paucu-

201 1593 240 1636 la
257 1592 345 1635 sunt
362 1608 468 1653 quae
484 1594 735 1635 Stelleriam‘s
759 1608 783 1635 e
804 1591 965 1635 schedis
984 1593 1036 1635 de
1061 1591 1181 1646 hujus
1207 1595 1393 1637 animalis
1411 1606 1555 1638 natura
1574 1598 1616 1639 in
1635 1599 1706 1640 Hi-

190 1653 363 1706 storiam
398 1652 627 1693 naturalem
661 1650 964 1707 Kamtschatcae
992 1665 1015 1692 a
1051 1650 1575 1696 KRASCHEN1N1KOV10
1609 1670 1706 1699 con-

180 1707 389 1766 'scriptam
406 1708 648 1751 transierunt
667 1712 718 1761 ⁰).
778 1708 934 1766 Neque
960 1708 1092 1750 multo
1119 1708 1235 1766 plura
1259 1707 1388 1751 habet
1407 1725 1541 1767 nuper
1563 1710 1706 1756 furtim

201 1767 312 1810 edita
351 1766 605 1809 STELLERI
637 1764 859 1822 posthuma
889 1764 1108 1824 descriptio
1124 1770 1167 1819 Ρ)
1209 1767 1396 1820 ejusdem
1434 1769 1629 1826 regionis⁴
1648 1795 1705 1802 —-

200 1824 350 1866 leones
372 1823 608 1880 ‘GMEL1N1
638 1839 724 1865 non
753 1822 883 1865 solum
908 1824 1031 1866 rudes
1060 1822 1169 1872 sunt,
1199 1822 1268 1867 sed
1291 1839 1315 1867 a
1340 1827 1512 1867 naturali
1536 1841 1706 1886 quoque

203 1883 473 1939 proportione
498 1881 685 1923 maxime
709 1879 918 1924 abludunt.
985 1880 1164 1927 Nostrae
1188 1882 1239 1924 ad
1265 1883 1427 1939 integra
1451 1885 1601 1940 partim
1619 1887 1704 1929 ani-

202 1939 319 1981 malia
334 1971 343 1987 ‚
372 1940 518 1995 partim
537 1954 560 1981 e
576 1937 751 1996 pellibus
768 1938 998 1982 delineatae
1018 1937 1126 1986 sunt,
1155 1950 1274 1997 atque
1292 1937 1482 1983 habitum
1504 1939 1702 1986 formam-

203 2011 285 2055 que
305 1996 490 2038 animalis
506 1999 664 2054 optime
673 1997 936 2054 exprimunt:
967 1995 1011 2040 ὄε
1027 1996 1198 2055 quidem
1221 1997 1343 2040 TAB.
1359 1998 1431 2040 Imm
1435 1998 1582 2056 figura
1584 2004 1702 2057 prior

880 2054 921 2099 C
950 2069 974 2097 2
1581 2058 1701 2104 Arie-

240 2151 279 2188 n)
303 2149 386 2179 Conf.
403 2150 532 2179 Itium-ar.
549 2144 635 2181 nostri
650 2161 773 2190 german.
796 2152 854 2182 Vol.
874 2153 909 2182 Π.
924 2159 951 2191 pl
962 2157 1016 2188 675.
1032 2153 1058 2182 &
1080 2151 1138 2182 Vol.
1154 2153 1208 2182 ΙΠ.
1222 2160 1250 2192 p.
1264 2159 1319 2188 386.
1333 2154 1391 2184 tab.
1407 2161 1440 2193 7.

241 2195 270 2230 o)
296 2191 431 2230 Opissfflie
448 2192 530 2220 §cmli
551 2192 741 2232 Kmmfihatki
755 2195 850 2230 (Edit.
866 2195 951 2231 ruff.)
971 2195 1046 2224 Tom.
1060 2195 1083 2223 I.
1095 2201 1126 2231 p.
1145 2200 1198 2224 226.
1216 2196 1336 2235 Epitom·
1351 2205 1439 2236 germ.
1453 2203 1485 2235 p.

234 2237 269 2274 p)
296 2234 330 2262 G.
352 2234 396 2264 W,
413 2233 519 2263 Stellers
537 2233 735 2275 Beschreihung
753 2245 805 2265 von
820 2235 1017 2275 Kamtfihatka
1030 2242 1059 2275 p.
1076 2246 1129 2273 127.
