2032 2732
793 171 948 231 Q&
1035 174 1153 227 (6)
1233 171 1390 230 Ξὴσέἕῖ

315 275 429 316 locos
447 272 593 316 Chincte
609 269 817 327 illustratae
836 271 972 324 (Part.
992 268 1061 314 IV.
1080 279 1162 327 cas).
1183 283 1216 328 7.
1235 280 1274 327 p.
1296 273 1403 325 256.)
1432 267 1589 312 inseruit
1611 269 1893 312 KmCHERUs.

319 330 487 373 Addidit
506 330 571 371 hic
589 331 707 370 etiarn
724 329 885 370 leonem
905 330 1074 384 prioris,
1111 327 1175 369 sed
1203 341 1290 368 earn
1317 326 1481 382 quidem
1505 341 1528 368 a
1546 327 1704 368 Natura
1722 326 1896 367 alienissi-

318 401 447 439 mam,
477 400 557 442 qua
576 385 716 427 sistitur
733 386 894 427 Animal
914 384 998 428 fere
1016 385 1212 435 lanatum,
1230 384 1358 426 rostro
1377 382 1487 425 suillo
1507 395 1713 433 truncato,
1733 383 1897 423 auribus

318 445 476 499 parvis,
505 443 675 498 pedibus
694 441 822 496 bzficlss's
839 442 1033 499 digitalis,
1054 440 1229 483 folliculo
1248 442 1365 496 plane
1384 443 1484 482 intra
1503 439 1659 483 femora
1676 438 1897 490 recondito,

320 499 407 543 solis
427 500 613 542 dentibus
631 497 790 541 exsertis
811 501 848 540 in
869 499 1023 540 maxilla
1045 497 1251 554 superiore
1268 497 1413 539 refflus
1427 498 1571 552 pofitiS.
1629 497 1680 538 Et
1696 495 1791 537 tales
1804 509 1899 550 quo-

320 571 401 612 que
418 555 502 599 fere
522 556 608 599 sunt
627 556 784 598 fictitiae
803 558 934 597 icones
947 556 1117 597 Boram
1138 557 1204 606 (in
1224 553 1331 596 Flos.
1351 553 1484 597 Simul
1504 553 1572 596 litt.
1590 550 1669 603 Z.)
1701 553 1742 594 δε
1767 553 1902 595 Nimi-

322 627 447 659 HOFH
467 612 770 670 (Gezczmlschczp
790 613 857 654 clei·
879 610 1095 655 Neem'aml.
1118 609 1293 666 Oostiucl.
1313 609 1445 668 Comp.
1476 607 1593 664 Amft.
1615 615 1711 666 1693.
1722 607 1816 665 fol.)

435 695 565 738 Veras
584 695 739 737 Moschi
757 695 938 746 exuvias,
969 692 1033 735 sed
1047 693 1208 746 pessime
1219 704 1475 747 praeparatas
1487 691 1627 733 habuit
1638 703 1745 733 certe
1757 688 1902 733 Frcmc.

324 753 670 796 CALCEOLARIUS
692 752 732 794 81
750 753 787 792 in
805 749 988 803 ejusdem
1007 748 1146 804 IWctseo
1167 751 1282 800 (1622.
1299 747 1374 804 fol.
1385 758 1425 805 p.
1453 749 1546 801 661.)
1575 747 1754 789 trafi'tavit
1780 747 1905 790 Andr.

325 811 542 852 Cmocco
556 843 565 861 ,
596 808 729 851 addita
747 810 863 850 etiam
883 809 937 864 (p.
957 810 1060 855 666.)
1078 809 1211 856 icone,
1242 819 1346 860 quae
1367 804 1507 846 habitu
1526 807 1659 860 potius
1681 817 1821 846 canem
1839 804 1906 844 vil-

324 865 452 909 losum
470 865 613 917 refert,
644 865 949 919 longiffimeque
969 860 1129 903 extenso
1155 861 1279 913 collo,
1312 861 1482 915 pedibus
1510 862 1659 912 crassis,
1698 860 1824 901 cauda
1847 874 1906 901 ca-

326 926 419 966 nina
439 923 528 965 fieta
547 923 587 964 ἃ*
607 921 782 963 folliculo
802 921 975 974 denique
991 918 1207 959 umbilicali
1220 950 1229 968 ,
1257 918 1374 958 instar
1395 915 1536 959 bursae
1555 917 1621 958 vel
1639 917 1806 971 cylindri
1825 917 1908 957 lon-

326 995 379 1036 ge
397 983 671 1035 prominente,
701 992 722 1019 a
738 990 880 1019 natura
898 975 1068 1017 aberrat.
1126 974 1245 1015 Hanc
1269 986 1403 1016 tamen
1426 974 1717 1016 ScHRoEKms
1742 975 1780 1014 in
1804 976 1908 1028 prio-

327 1050 414 1080 rem
433 1035 541 1079 suam
560 1035 607 1077 de
625 1033 792 1091 Mofi‘ho
809 1032 1152 1085 Differtationem,
1183 1029 1316 1087 Jeme
1344 1035 1445 1089 1767.
1471 1030 1618 1072 editam
1642 1030 1852 1073 transtulit.

442 1119 611 1161 Secutus
636 1116 692 1159 est
730 1115 874 1173 Θεοῖς.
909 1116 1140 1164 SEGERUS,
1179 1114 1438 1168 quiexuvias
1479 1111 1654 1167 Traguli
1684 1109 1911 1153 moschiferi

329 1175 508 1227 masculi,
541 1188 640 1230 quas
662 1172 841 1231 Jacobs&
858 1173 1078 1214 BREYmus
1105 1184 1126 1210 a
1149 1169 1329 1223 patruele
1397 1167 1457 1210 oh.
1481 1169 1684 1210 BREYNto
1715 1169 1910 1210 Amstelo-

330 1233 505 1276 damenfi
526 1244 749 1274 mercatore
768 1241 998 1284 acceperat,
1024 1230 1061 1267 in
1074 1224 1330 1281 [miscellaneis
1348 1230 1363 1267 l
1386 1223 1449 1267 Τιἰϊ.
1473 1223 1664 1273 Cmiosor.
1684 1223 1780 1266 Dec.
1800 1223 1829 1266 l.
1848 1239 1912 1267 cm.

331 1297 367 1336 6.
386 1304 420 1350 7.
439 1292 558 1349 (1675.
576 1292 658 1349 76.)
677 1286 978 1344 olJJ2128.p.169.
999 1282 1211 1337 descripsit.
1268 1283 1385 1334 leon,
1406 1295 1528 1336 quam
1545 1274 1699 1334 adjecit,
1718 1281 1826 1321 rudis
1845 1282 1913 1332 est,

331 1347 562 1405 praesertim
581 1345 715 1401 quoad
735 1356 878 1399 caput,
906 1341 1080 1396 ungulas
1109 1339 1260 1394 spurias
1285 1337 1389 1391 justo
1415 1340 1590 1379 minores
1615 1338 1656 1379 δι
1687 1337 1811 1380 vellus
1839 1339 1916 1379 hir-

334 1419 442 1457 tum,
469 1416 634 1458 totaque
651 1401 756 1453 talis,
785 1413 830 1442 ut
849 1399 952 1441 male
970 1396 1116 1439 fatuas
1135 1397 1294 1437 exuvias
1311 1393 1489 1450 depifitas
1499 1393 1820 1450 fuisseappareat.
1854 1395 1917 1435 Ex

334 1462 461 1504 odore
477 1459 626 1502 moschi
644 1457 866 1513 fragrante,
895 1469 1016 1510 quem
1043 1455 1211 1496 exuviae
1237 1453 1328 1493 istae
1359 1450 1588 1503 servabant,
1628 1466 1649 1492 e
1679 1451 1828 1492 Sinenfi
1854 1451 1915 1492 vel

334 1519 472 1561 Indico
492 1516 647 1558 animali
667 1527 822 1569 paratas
842 1512 953 1554 fuisse
974 1509 1298 1553 concludendum
1317 1509 1394 1562 est3
1423 1520 1597 1549 attamen
1614 1508 1804 1559 colorem,
1832 1506 1915 1549 fere

337 1576 497 1632 qualem
517 1573 638 1615 habet
656 1572 821 1613 Sibirica
839 1571 1030 1621 varietas,
1055 1566 1256 1621 descripfit
1282 1566 1494 1617 SEGERUS,
1520 1565 1702 1606 castaneo
1725 1564 1917 1618 luteoque

337 1635 531 1683 mixtum,
556 1628 760 1680 maculas,
793 1639 838 1669 ut
862 1629 901 1667 in
926 1624 1133 1675 Dorcade,
1163 1621 1461 1672 efformantem,
1497 1620 1635 1663 subtus
1665 1623 1792 1676 magis
1819 1625 1920 1662 cine-

338 1703 456 1732 reum
475 1691 511 1729 in
531 1689 659 1743 capite
679 1700 728 1727 ex
743 1683 877 1726 albido
897 1712 954 1717 —
975 1684 1134 1724 cinereo
1152 1680 1395 1730 castaneum,
1424 1679 1465 1719 &
1491 1679 1627 1734 strigas
1657 1676 1920 1733 quoque'sub

340 1747 444 1790 collo
462 1744 571 1786 albas
589 1755 720 1795 notat,
747 1754 846 1797 quas
865 1743 983 1782 etiam
1001 1742 1089 1780 icon
1107 1750 1314 1791 utcunque
1332 1737 1529 1789 exprimit.
1590 1735 1691 1776 Pilos
1719 1734 1827 1775 reue
1853 1733 1922 1775 ob-

340 1804 507 1846 servavit
525 1799 707 1855 fragiles,
734 1797 919 1839 inferiore
943 1808 1055 1852 parte
1079 1792 1298 1846 flexuos083
1336 1795 1513 1845 itemque
1539 1790 1779 1842 folliculum,
1811 1803 1856 1831 ut
1882 1793 1921 1830 in

341 1862 485 1902 siccato
501 1861 651 1913 potuit,
683 1855 770 1897 satis
789 1854 1001 1909 diligenter
1023 1851 1300 1902 adumbravit,
1330 1848 1521 1903 peculiari
1548 1850 1664 1890 etiam
1692 1848 1820 1902 figura
1841 1846 1921 1888 illu-

341 1919 520 1960 stratum.

457 1988 575 2029 Circa
592 1986 696 2027 idem
715 1984 800 2026 fere
818 1994 978 2038 tempus
1011 1978 1151 2023 Thom.
1178 1979 1513 2020 BARTHOLINUS
1543 1976 1691 2033 (Actor.
1720 1974 1926 2033 Hctfizicnfi

353 2043 435 2091 Vol.
456 2043 506 2087 II.
527 2052 600 2085 (ist.
620 2050 721 2098 19.p.
736 2040 818 2095 46.)
844 2039 893 2080 de
913 2036 1017 2093 pelle
1034 2034 1189 2077 Moschi
1200 2034 1324 2076 odore
1335 2034 1468 2075 adhuc
1479 2033 1693 2089 fragranti,
1716 2047 1830 2088 quae,
1850 2046 1924 2087 per

346 2114 589 2146 mercatores
608 2113 656 2139 ex
676 2098 842 2138 Oriente
860 2095 1011 2145 adlata,
1043 2095 1081 2133 in
1098 2091 1431 2146 Pharmacopolio
1461 2089 1785 2133 Heerefordiano
1804 2089 1928 2131 adier-

347 2174 439 2202 vata
460 2159 610 2206 fuerat,
642 2156 735 2209 egit.
798 2153 853 2193 Is:
878 2151 994 2204 „Pili,
1027 2151 1175 2204 inquit,
1206 2151 1310 2202 nigri
1337 2146 1444 2198 sunt,
1468 2146 1849 2200 curaliissubrubri,
1867 2147 1929 2187 ali-

349 2220 406 2272 „is
424 2216 502 2259 albi
519 2214 722 2264 dicantur,
743 2223 881 2252 rerum
901 2208 1036 2264 peritis
1060 2204 1362 2260 dijudicandum
1388 2206 1583 2261 relinquo,
1652 2201 1799 2246 Forsan
1824 2201 1930 2267 diffe-

1733 2272 1929 2312 „rentiam
