2032 2732
603 225 759 283 2³53
840 227 981 280 (23)
1071 223 1226 286 ’Ξ-ὴτέἓ

132 327 422 381 plerorumque
441 322 691 378 respondent.
749 323 827 365 Sed
845 321 983 366 adsunt
1000 324 1158 380 insuper
1174 324 1335 368 folliculi
1347 325 1428 369 duo
1437 327 1496 369 alii
1509 328 1701 373 membra-

131 385 265 433 nacei,
303 381 647 435 ovato-depressi,
686 381 725 420 in
751 392 955 422 externam
980 383 1212 436 genitalium
1239 396 1443 426 cutaceam
1467 398 1701 440 aperturam

131 442 233 489 (non
251 451 295 479 ut
311 438 667 479 D'AUBENTQNUS
687 435 817 490 posuit
836 437 1060 489 urethram)
1075 471 1085 490 ‚
1116 452 1243 494 aeque
1260 453 1306 481 ac
1329 442 1504 495 priores,
1524 443 1632 484 hiatu
1649 442 1703 486 ef·

132 493 207 536 fusi
220 527 230 545 ,
261 497 449 548 tenuique
468 492 697 534 membrana
718 491 831 544 fasti,
861 507 982 548 quam
1002 507 1117 536 extus
1136 495 1323 547 incrustat
1333 498 1537 552 pinguedo
1548 501 1702 541 univer-

131 550 171 591 so
190 551 351 604 corpori
371 550 593 590 communis
613 549 653 589 &
671 547 900 590 subcutanei
922 548 1085 591 musculi
1102 551 1256 593 lamina.
1315 552 1371 593 Hi
1392 565 1535 607 tamen,
1556 559 1613 596 uti
1631 555 1702 597 fol-

130 607 271 649 liculus
286 605 460 657 Moschi,
491 606 569 646 fine
585 604 776 659 glandoso
797 606 1108 661 parenchymate
1130 608 1230 659 ullo,
1260 607 1338 649 sola
1365 609 1596 652 membrana
1615 625 1701 654 nera

132 677 205 705 vea
218 663 234 715 ,'
256 659 459 704 cellulosae
476 674 590 703 extus
608 661 761 703 laminis
779 661 985 715 roborata,
1017 663 1122 704 intus
1138 665 1177 703 in
1195 677 1360 718 magnas
1379 679 1500 719 rugas
1521 668 1561 709 &
1577 669 1700 722 plicas

131 719 316 775 crispata,
345 716 553 760 secernunt
571 718 804 761 Castoreum
823 718 989 771 siccum,
1019 718 1254 770 odoratum,
1273 720 1516 764 consistentia
1536 728 1701 767 cerumi-

128 778 189 818 nis
201 808 210 826 ,
243 774 469 816 involutum
487 774 727 817 adhaerente
742 775 918 830 undique
935 775 976 817 &
993 774 1239 831 inseparabili
1251 776 1503 830 epidermidis
1515 793 1701 824 externae

128 834 169 873 in
187 829 409 874 folliculum
428 833 734 883 continuatione,
752 831 1065 874 cinereo-albida
1078 865 1087 883 ,
1117 831 1363 887 splendente,
1395 846 1525 889 atque,
1542 850 1563 877 a
1581 836 1701 880 latere

126 901 299 930 nerveae
318 887 586 943 adglutinato,
617 886 824 929 subtilibus
852 888 1016 929 lamellis
1043 887 1109 929 seu
1136 889 1283 930 laciniis
1301 889 1527 943 imbricata,
1554 893 1701 946 quibus

127 946 229 986 inter
246 945 365 999 plicas
385 958 553 986 nerveae
569 941 760 986 inseritur.
831 944 893 985 Ex
919 942 999 998 ipsa
1014 947 1158 989 ftamen
1182 943 1453 988 folliculorum
1480 946 1700 1004 superficie,

126 1002 228 1042 utin
246 999 436 1052 Moscho,
469 1002 519 1041 ita
537 1000 578 1042 &
596 1002 635 1041 in
652 1000 817 1042 Castore
836 999 981 1042 secerni
1001 1003 1205 1043 materiam
1216 1001 1441 1055 odoratam,
1472 1004 1562 1045 inde
1573 1018 1696 1059 patet,

125 1056 237 1112 quod
254 1059 290 1097 in
307 1055 530 1108 junioribus
550 1057 648 1098 haec
666 1069 856 1112 tanquam
875 1056 1004 1098 crusta
1020 1059 1126 1098 intus
1137 1056 1302 1099 obducit
1313 1057 1548 1111 folliculum,
1568 1074 1699 1106 vacuo

123 1115 231 1155 intus
251 1112 388 1153 relifito
406 1111 529 1167 spatio
542 1146 552 1164 ,
583 1113 695 1167 quod
712 1127 760 1154 ne
777 1112 994 1154 senioribus
1014 1113 1176 1167 quidem
1197 1113 1395 1157 solidatur.
1412 1141 1468 1146 —-
1522 1116 1700 1161 Similem

127 1167 398 1211 ceruminosae
415 1171 600 1210 materiae
620 1170 719 1210 intra
738 1182 927 1210 cutaneos
951 1168 1149 1211 folliculos
1175 1168 1432 1213 secretionem
1452 1174 1490 1212 in
1509 1172 1626 1215 saccis
1650 1175 1700 1217 la-

126 1225 371 1279 crymalibus
389 1226 594 1266 variorum
611 1225 927 1277 Ruminantium,
959 1224 1188 1279 praesertim
1199 1226 1333 1278 Cervi,
1344 1227 1699 1285 deprehendimus,

126 1280 242 1334 cujus
259 1280 461 1322 celebrem
480 1281 589 1335 apud
609 1283 850 1336 antiquiores
869 1281 1086 1334 lacrymam
1105 1280 1218 1337 saepe
1237 1296 1387 1338 magno
1398 1297 1580 1337 numero,
1597 1287 1700 1328 simi-

122 1338 231 1392 lique
247 1337 490 1378 consistentia
508 1336 711 1379 eollefitam
734 1338 877 1380 inveni.
940 1337 1219 1393 Subanalogus
1237 1353 1400 1394 quoque
1419 1340 1473 1382 est
1485 1340 1587 1383 finus
1605 1343 1700 1386 odo-

125 1392 292 1445 riferus,
319 1392 609 1446 ceruminosus,
640 1392 905 1445 subcaudalis,
939 1394 978 1434 in
999 1394 1167 1449 Hyaena
1186 1395 1589 1449 &Melecelebratus,
1607 1403 1700 1442 utri-

125 1463 205 1505 que
229 1463 360 1490 tamen
378 1448 483 1491 sexui
500 1452 735 1491 communis.
813 1450 967 1491 Omitto
998 1453 1255 1493 remotiorem
1282 1452 1574 1495 similitudinem
1601 1469 1697 1499 cum

124 1506 378 1548 Animalibus
399 1504 607 1547 odoriferis
626 1505 808 1561 reliquis:
837 1519 968 1561 neque
986 1508 1092 1548 enim
1109 1507 1273 1549 folliculi
1299 1509 1427 1549 anales
1454 1507 1630 1553 ferarum
1656 1513 1700 1555 &

124 1561 354 1617 praesertim
374 1562 636 1604 Mustelarum
654 1561 913 1614 foetidiffimi3
945 1575 1077 1618 neque
1093 1565 1275 1605 Civettae
1294 1565 1335 1606 &
1352 1564 1514 1606 Zibetbi
1526 1566 1629 1609 finus
1646 1568 1701 1610 di-

125 1618 272 1673 dymus
285 1651 296 1669 ,
325 1620 426 1659 inter
442 1619 616 1673 genitale
636 1619 676 1659 &
693 1632 815 1660 anum
835 1616 1081 1673 exsculptus,
1115 1618 1379 1675 folliculisque
1395 1620 1595 1676 oblongis,
1612 1637 1700 1667 ana-

124 1673 445 1723 stomosantibus‚
471 1674 819 1729 fragrantissimum
837 1675 1017 1716 ichorem
1040 1675 1292 1730 plorantibus
1317 1675 1606 1733 circumsess‘us3
1635 1694 1699 1722 ne-

126 1743 207 1785 que
223 1730 433 1785 glandulae
453 1729 720 1772 folliculaceae
741 1733 780 1771 in
796 1730 876 1772 basi
894 1730 1042 1772 caudae
1060 1730 1287 1787 squamosae
1296 1730 1442 1775 Soricis
1457 1733 1642 1789 ¹moschaz‘c‘
1658 1736 1697 1789 *)

124 1786 270 1828 saniem
289 1787 507 1828 ambratam
529 1801 600 1842 per
620 1800 743 1841 poros
764 1789 863 1828 cutis
882 1785 1150 1840 effundentes,
1184 1789 1355 1830 Castoris
1372 1788 1610 1845 Moschique
1625 1790 1700 1833 fol-

120 1843 229 1884 libus
250 1842 311 1884 vel
329 1842 499 1894 fabrica,
522 1843 580 1884 vel
602 1845 763 1884 materia
782 1843 942 1895 secreta,
961 1843 1118 1899 situque
1137 1844 1280 1886 similes
1296 1843 1395 1898 sunt,
1412 1858 1698 1902 praeterquam

126 1898 238 1954 quod
257 1901 415 1954 utrique
434 1902 549 1940 etiam
567 1898 671 1940 sexui
695 1897 782 1940 sunt
799 1913 1045 1940 communes.

228 1971 321 2025 Jam
338 1968 452 2026 supra
471 1975 608 2013 monui
625 1971 774 2013 nullam
793 1973 833 2013 in
850 1971 991 2013 Sibiria
1002 2005 1013 2024 ‚
1040 1984 1173 2026 neque
1188 1970 1406 2013 stecundum
1424 1985 1604 2027 aetatem,
1621 1989 1697 2019 nec

126 2028 242 2069 variis
261 2029 352 2068 anni
369 2027 563 2082 periodis,
599 2031 723 2070 immo
742 2042 793 2070 ne
819 2028 937 2074 oestri
962 2028 1126 2084 quidem
1150 2040 1354 2084 tempore,
1391 2030 1452 2071 vel
1478 2028 1696 2130 fragrantia}

1628 2101 1678 2131 ve

185 2172 217 2212 a)
240 2175 414 2202 Accuratam
429 2171 517 2209 hujus
532 2173 666 2203 animalis
682 2173 911 2214 descriptionem
929 2172 959 2203 ὅ(
976 2171 1143 2214 praesertim
1165 2177 1338 2204 Anatomen
1361 2175 1540 2217 propediem
1555 2175 1696 2217 suppedi-

255 2213 346 2252 tabo,
373 2223 410 2243 eo
427 2216 557 2243 maxime
575 2214 770 2255 singularem,
790 2214 875 2256 quod
892 2216 970 2244 miro
989 2223 1081 2243 venae
1104 2225 1193 2245 cavae
1215 2217 1290 2245 intra
1313 2216 1415 2246 alvum
1444 2217 1526 2247 sacco
1550 2218 1580 2248 δε
1595 2229 1695 2249 ramo-

249 2254 514 2328 rum-vgimfitate
531 2255 702 2287 instruaum
716 2255 766 2287 fit:
795 2266 882 2288 novo
905 2255 936 2287 &
951 2266 967 2286 a
982 2257 1103 2286 nemine
1119 2256 1214 2288 adhue
1229 2264 1337 2288 notato
1354 2259 1535 2289 urinatoriae
1551 2260 1628 2291 vitae
1644 2261 1694 2291 ad,

249 2305 343 2327 nume
379 2306 409 2330 0.
