2032 2732
581 231 762 286 Qffl*
880 232 1088 284 (77)
1205 228 1387 286 Qu&

347 329 396 370 ln
422 326 535 369 nullo
589 339 712 368 ecore
737 323 1043 382 frequentiores
1063 324 1153 367 sunt
1187 327 1298 367 Pilae
1315 326 1357 367 in
1374 325 1606 368 ventriculo
1624 340 1648 369 e
1664 326 1732 369 de-

233 386 391 445 glutitis
415 385 520 427 villis
549 341 593 424 gt
616 381 814 423 ramentis
840 380 1062 430 macules,
1100 397 1225 440 quam
1249 384 1291 425 in
1311 381 1585 441 Kirgifiorum
1608 396 1734 444 atque

233 445 556 488 Calmuccorum
573 437 741 486 ovibus,
773 440 829 482 ita
849 450 893 480 ut
907 441 1046 481 minor
1061 455 1207 482 eorum
1234 456 1430 484 numerus
1449 441 1533 484 hoc
1549 442 1652 484 vitio
1670 438 1734 484 ca-

234 513 333 544 reat.
391 495 604 541 Rariffime
625 509 764 538 autem
796 510 820 538 e
847 498 1015 554 propria
1028 499 1073 550 Ρ)
1113 499 1257 540 ovium
1291 499 1383 541 lana
1407 496 1648 556 compaCtas
1673 500 1733 557 pi-

232 560 291 601 las
307 557 495 599 invenire
512 555 638 612 potui.
696 553 861 596 Plerum
895 569 947 595 ue
965 554 1150 597 constant
1168 571 1191 598 e
1209 556 1302 598 lana
1324 556 1543 599 Camelina
1569 556 1732 615 grysea,

230 615 452 658 tenerrima
465 645 475 661 ,
505 613 548 653 in
572 612 788 654 materiam
807 627 879 653 mo
898 609 1082 654 liffimarn
1102 613 1326 670 pileorum,
1360 630 1467 674 quos
1489 630 1513 657 e
1533 613 1734 658 Castorea

231 673 426 729 lanugine
445 683 603 728 parant,
621 669 827 712 aemulam
845 669 1004 713 coacta.
1064 670 1193 722 Cujus
1218 671 1277 712 rei
1297 670 1396 713 haec
1417 671 1474 714 est
1489 674 1616 715 ratio:
1648 672 1731 716 Ca-

230 730 328 773 meli
345 743 421 786 pro
437 726 612 786 pabulo,
642 740 802 785 praeter
826 727 992 770 frutices
1019 728 1087 770 vel
1111 728 1272 786 plantas
1298 727 1474 786 spinosas
1496 729 1540 771 όε
1560 729 1734 787 asperas,

228 785 466 845 praesertim
501 798 641 827 amant
679 783 918 843 salsuginosa
943 786 1114 845 quaevis
1146 785 1417 842 vegetabilia,
1456 786 1500 828 de
1526 788 1569 828 in
1585 787 1732 829 deserti

229 844 384 888 tatarici
400 843 538 885 multis
556 841 793 901 regionibus
818 841 910 885 solis
929 858 1065 900 paene
1083 841 1267 890 Salsolis‚
1297 843 1490 892 Halime,
1521 842 1734 887 fimilibus-

230 917 312 961 que
329 900 409 944 sese
433 899 672 948 sustentant,
736 912 918 943 raeterea
942 900 1055 958 quod
1073 901 1199 942 etiam
1216 898 1508 945 efflorescentis
1528 900 1643 959 supra
1655 913 1735 944 ter-

232 975 320 1002 ram
339 958 438 1001 'salis
462 957 551 1000 sunt
580 958 704 1000 avidis
719 956 807 1000 imi.
867 957 992 1000 Hanc
1017 956 1074 1000 ob
1102 957 1261 1000 causam
1287 957 1391 1000 succi
1406 958 1559 1002 horum
1577 961 1735 1002 anima--

230 1017 330 1059 lium
354 1015 500 1058 salibus
525 1016 632 1057 adeo
658 1014 829 1062 scatent,
867 1028 913 1057 ut
944 1030 968 1057 e
999 1014 1111 1057 cursu
1146 1016 1397 1074 quandoque
1432 1014 1614 1059 sudantia
1640 1028 1733 1059 toto

230 1076 385 1118 vellere
418 1071 645 1115 tenuissima
677 1072 797 1115 salina
833 1073 1017 1130 rorigine
1061 1070 1317 1115 efflorescant
1399 1074 1532 1116 Pecus
1565 1089 1588 1116 a
1618 1073 1732 1132 pastu

230 1130 443 1191 quiescens
477 1129 520 1172 <Sc
544 1130 677 1188 ipsum
703 1128 907 1185 salsuginis
934 1145 1078 1172 amore
1104 1131 1156 1172 ad
1181 1131 1380 1173 Camelos
1403 1130 1602 1175 cubantes
1616 1147 1733 1176 acce-

232 1191 311 1240 dit,
343 1202 574 1247 eorumque
599 1188 742 1237 villum
767 1187 982 1244 aspergine
1008 1185 1129 1230 salina
1157 1187 1395 1245 pruinosum
1424 1188 1570 1231 lambit
1582 1220 1597 1242 ‚⁴
1620 1193 1732 1240 cujus

230 1245 284 1289 fic
301 1246 525 1304 plurimum
542 1245 748 1302 deglutire
764 1244 884 1291 solet,
916 1243 1087 1287 actione
1103 1246 1320 1288 ventriculi
1337 1247 1378 1288 in
1395 1246 1499 1304 pilas
1527 1245 1619 1287 istas
1644 1245 1734 1303 glo-

230 1303 488 1346 merandum.
548 1302 587 1343 E
606 1303 822 1343 &amelina
842 1302 1066 1343 lananatae
1078 1303 1184 1359 pilae
1199 1303 1447 1362 plerumque
1462 1302 1735 1361 subglobosae

230 1361 339 1409 sunt,
377 1359 447 1402 vel
473 1358 571 1401 hinc
594 1360 692 1401 inde
721 1359 772 1401 ab
803 1357 1102 1402 adcubantibus
1120 1361 1206 1402 aliis
1223 1361 1346 1418 plana
1365 1362 1451 1402 imo
1469 1375 1655 1403 concava
1674 1360 1731 1402 fa-

233 1414 549 1475 cieimpressae3
580 1417 868 1474 magnitudine
895 1432 917 1459 a
944 1432 1050 1459 nuce
1073 1417 1125 1460 acl
1156 1433 1285 1460 ovum
1320 1418 1614 1476 gallinaceum,
1647 1418 1732 1475 ple-

231 1490 408 1534 rumque
428 1474 566 1533 plures
592 1476 633 1515 in
659 1475 813 1517 eodem
836 1474 1069 1517 ventriculo
1096 1474 1140 1517 ὄε
1158 1477 1236 1517 vix
1253 1489 1437 1534 unquam
1453 1476 1730 1535 qualicunque

230 1546 384 1578 tartaro
404 1531 642 1574 incrustatae
668 1534 936 1589 reperiuntur.
1012 1533 1100 1575 Sed
1134 1533 1282 1575 dantur
1309 1537 1416 1576 aliae
1445 1535 1572 1589 pilae,
1605 1532 1732 1588 *haud

231 1593 369 1635 minus
386 1590 645 1649 frequentes,
679 1605 702 1633 e
719 1591 918 1633 ramentis
935 1587 1152 1633 sicciffimis
1171 1591 1348 1634 caulium
1375 1592 1732 1634 comminutorum

925 1647 967 1691 K
998 1665 1019 1701 3
1641 1661 1733 1691 coa·

314 1763 473 1805 nigrescant
492 1764 602 1798 colore,
633 1774 667 1793 ex
691 1765 717 1793 V
727 1776 742 1793 Α
752 1775 767 1793 a
778 1775 795 1793 R
807 1774 823 1794 ο
834 1775 853 1794 N
866 1776 881 1793 ε
891 1786 899 1798 ,
929 1765 971 1794 So
981 1776 995 1794 L
1007 1775 1072 1794 mu
1084 1774 1096 1795 s
1119 1766 1207 1805 polyb.
1232 1774 1291 1806 cap.
1306 1778 1339 1802 33·
1383 1767 1438 1798 Sed
1453 1765 1649 1797 maxime'huc
1663 1764 1732 1795 facit

314 1811 486 1838 AEL1AN1
507 1808 585 1835 locus
603 1806 656 1842 (de
673 1814 731 1834 wit.
747 1808 824 1834 anim
851 1807 913 1835 Lib.
936 1808 1007 1835 VIII
1029 1815 1086 1846 cap.
1105 1811 1183 1846 21.):
1205 1809 1251 1838 Ad
1273 1808 1406 1838 diversam
1428 1810 1574 1848 potionem
1598 1809 1729 1838 colorum

313 1850 499 1879 mutationem
516 1858 581 1886 oves
598 1847 719 1876 faciunt:
744 1848 822 1886 quod
839 1848 954 1886 quidem
971 1847 1061 1887 ipsum
1076 1859 1110 1879 ex
1127 1850 1150 1878 vi
1169 1851 1194 1878 ὃ(
1207 1860 1305 1880 natura
1326 1852 1453 1880 amnium
1475 1849 1527 1880 usu
1549 1851 1588 1879 eis
1609 1850 1731 1881 evenire,

313 1901 348 1920 eo
363 1892 430 1920 anni
450 1899 595 1927 tempore,
618 1900 706 1928 quum
724 1890 875 1921 ineuntur.
901 1889 984 1919 solet:
1011 1892 1105 1929 ltaque
1122 1902 1155 1920 ex
1171 1893 1239 1921 albis
1255 1894 1441 1922 commutatio
1457 1893 1485 1921 in
1503 1894 1597 1930 nigras
1612 1891 1652 1925 fit,
1663 1901 1728 1920 con-

314 1941 413 1971 traque
429 1942 464 1960 ex
480 1932 567 1970 nigris
584 1932 612 1960 in
629 1932 704 1960 albas
720 1941 932 1960 convertuntur.
977 1934 1057 1962 Haec
1076 1942 1171 1962 autem
1188 1943 1250 1962 tum
1267 1935 1302 1964 ad
1321 1935 1501 1964 Antandrum
1525 1944 1641 1963 amnem
1661 1932 1729 1962 acci·

313 1973 401 2006 dunt,
419 1981 483 2002 tum
498 1973 531 2002 ad
547 1973 683 2002 Thraciae
701 1972 844 2011 quendam
860 1973 1045 2007 fluvium—‚
1073 1983 1134 2003 tum
1156 1985 1222 2004 vero
1242 1976 1276 2004 ad
1290 1977 1408 2013 Trojnm
1423 1975 1594 2006 Scamander
1609 1985 1644 2004 ex
1658 1983 1729 2013 aqua

313 2014 360 2044 sua
376 2022 503 2053 potantes
518 2024 581 2043 oves
600 2014 688 2044 fulvas
704 2013 789 2044 efficit
809 2032 840 2037 —
865 2025 900 2044 ex
917 2026 976 2054 quo
990 2015 1095 2045 Xanthi
1109 2026 1272 2055 cognomen
1286 2020 1434 2058 acceperit.

271 2076 311 2113 p)
333 2072 455 2103 Memini
478 2072 622 2110 quondam
644 2073 719 2111 apud
746 2073 887 2111 Optimum
913 2075 998 2103 Henr.
1024 2076 1143 2103 BARER
1170 2076 1265 2105 vidisse
1290 2078 1375 2115 pilam
1399 2078 1507 2110 levem,
1527 2073 1689 2115 globosan13
1713 2081 1727 2100 e

315 2117 377 2145 lana
393 2114 489 2149 11ιοΓίι
509 2114 568 2142 alba
584 2116 758 2150 companium
794 2115 993 2153 magnitudine
1007 2118 1084 2155 pomi
1100 2119 1234 2150 aurantii,
1260 2129 1332 2157 quae
1352 2129 1417 2148 cum
1438 2118 1482 2148 sex
1499 2119 1595 2147 aliisin
1607 2116 1727 2144 lx'umine

315 2158 373 2185 ovis
394 2156 520 2193 anglicae
543 2165 650 2192 reperta
668 2155 765 2187 fuerat,
812 2159 919 2186 vaccae
940 2159 968 2186 in
987 2159 1121 2187 omnibus
1137 2160 1302 2197 regionibus
1317 2171 1331 2188 e
1349 2161 1465 2199 proprio
1483 2161 1540 2198 pilo
1559 2155 1724 2195 siequentis-

313 2199 340 2221 Γ*
399 2208 410 2225 c
426 2205 594 2226 nei-emente
609 2206 757 2236 generant.
798 2200 821 2228 E
839 2200 1040 2239 Gallopnvonis
1054 2200 1177 2239 prolobo
1202 2203 1290 2241 pilam
1312 2202 1397 2232 habui
1420 2213 1435 2232 e
1457 2202 1518 2230 setis
1532 2199 1642 2239 equinis
1659 2206 1724 2227 con-

315 2241 486 2270 [scincum.
