2032 2732
582 260 785 335 ΜΨ,
880 260 1093 312 (67)
1209 257 1390 317 ''Qoss‘

653 353 1309 406 MENSURAE.

1518 450 1528 473 x

1605 450 1628 474 ΙΙ
1689 453 1727 476 m

223 426 485 508 Longitudo
500 446 616 505 pellis
632 460 655 488 a
671 442 766 487 naso
783 444 836 486 ad
853 442 964 488 bafin
984 444 1124 488 caudae
1277 470 1334 477 —-
1489 453 1514 492 6
1576 455 1600 493 6
1658 467 1686 494 0

218 536 277 542 —-
333 533 390 538 --
418 519 617 548 cornuum
798 527 856 533 —-
1037 527 1094 533 —-
1274 529 1332 536 ..-
1487 520 1511 548 2
1575 521 1598 558 7
1660 514 1688 552 6

223 593 278 612 -ε-
335 590 392 595 -
419 562 558 605 caudae
577 559 726 618 absque
742 558 827 618 pilo
1038 584 1095 590 —
1274 586 1332 593 -
1489 578 1508 606 1
1574 580 1597 608 2
1660 573 1685 609 6

219 651 275 657 --
331 647 389 652 --
418 619 537 662 flocci
554 622 724 661 caudam
745 615 991 660 excedentis
1035 641 1092 647 —
1274 643 1330 651 --
1488 636 1507 663 1
1569 637 1599 673 5
1657 639 1685 667 0

218 684 259 726 A
280 678 416 722 media
430 677 519 720 stria
534 675 672 734 spinali
691 676 742 717 ad
760 674 1007 732 ungularum
1024 674 1253 718 anticarum
1274 677 1412 734 apices
1487 693 1507 731 3
1573 692 1594 727 8
1658 691 1683 726 6

216 764 272 770 ——
331 762 386 766 —
414 735 466 778 ad
481 734 664 792 ungular.
687 732 786 791 post.
806 733 944 790 apices
1030 757 1088 763 --
1269 759 1328 765 -
1484 752 1504 790 3
1570 754 1594 790 9
1655 756 1683 782 0

215 793 410 840 Altitudo
434 794 624 835 omnium
640 791 887 850 ungularum
910 790 1045 833 antice
1271 816 1329 823 —
1481 808 1508 835 0
1570 809 1593 837 2
1656 805 1680 839 6

216 853 396 896 Aurium
418 849 638 909 longitudo
792 873 849 879 —
1030 872 1088 879 -—
1256 874 1327 897 .—
1481 865 1508 893 0
1569 867 1593 903 7
1654 869 1681 897 0

875 1021 1730 1099 ψξξζψζὲᾗ--ᾒῇ-Ξψῆ

531 1184 1427 1272 ANTILOPE

416 1377 1536 1447 STREPSICEROS

733 1614 1228 1626 *-

734 1630 1228 1639 *mm——

212 1749 417 1926 Non
434 1792 636 1842 dixerim,
666 1791 746 1837 esse
761 1793 1103 1852 Strepsicerotem
1128 1794 1162 1837 P
1175 1809 1321 1844 ιῐΝιι,
1351 1810 1476 1855 quam
1501 1796 1584 1841 hoc
1601 1803 1735 1845 nemi-

391 1865 444 1893 ne
461 1849 696 1909 designavi,
729 1852 971 1909 Antilopen.
1029 1852 1117 1895 Sed
1133 1853 1175 1894 in
1193 1853 1348 1895 nullam
1368 1855 1515 1897 melius
1532 1855 1650 1910 hujus
1661 1875 1735 1902 no-

389 1909 512 1962 minis
529 1907 770 1967 slgnificatio
788 1909 973 1968 quadrat.
1033 1909 1179 1961 Quum
1199 1909 1320 1954 nobis
1350 1911 1511 1955 nonnifi
1532 1914 1735 1959 Promon-

213 1966 321 2018 torio
337 1967 465 2009 Bonae
480 1966 580 2024 Spei
599 1968 843 2016 innotuerit,
867 1965 1101 2010 verosnnile
1119 1967 1176 2010 est
1189 1969 1501 2027 Antiquioribus
1519 1971 1735 2032 Zoologis,

212 2023 425 2082 Circoque
451 2039 626 2067 romano
649 2026 837 2083 ignotam
865 2022 990 2067 fuisse.
1061 2025 1223 2069 Primus
1248 2038 1389 2069 autem
1412 2027 1488 2072 CA
1496 2044 1597 2078 jus,
1645 2035 1735 2074 An-

213 2081 379 2145 glorum
397 2082 587 2140 princeps
617 2096 712 2125 ante
732 2081 985 2138 Judiciosum
1012 2083 1178 2133 RAJUM
1200 2083 1437 2143 Zoologus‚
1468 2100 1591 2144 caput
1614 2087 1733 2141 hujus

212 2140 360 2196 ipeciei
377 2153 471 2180 curn
496 2139 760 2196 tripedaiibus
779 2139 975 2184 cornibus
998 2140 1202 2199 descripfit
1230 2154 1354 2202 atque
1392 2143 1637 2187 GEsNERo
1661 2147 1732 2190 de·

212 2194 376 2256 pistum
401 2197 737 2242 communicavit.
764 2223 821 2230 ——
877 2198 974 2241 Post
997 2198 1112 2298 iilum
1137 2199 1245 2243 nulla
1274 2204 1359 2254 ejus
1385 2200 1493 2259 apud
1517 2200 1732 2260 scriptores

1062 2270 1084 2298 2
1619 2276 1733 2306 men-
