2032 2732
506 290 686 346 ’ἥψαθ’
807 290 1023 345 (39)
1140 289 1327 346 Qess·

268 388 318 431 In
343 387 492 429 Hoedis
513 384 646 428 vellus
672 380 972 432 molliffimum,
1002 399 1077 442 per
1094 384 1296 427 verticem
1313 415 1324 433 ,
1354 383 1400 427 &
1421 384 1474 428 ad
1493 384 1680 428 medium

153 444 319 489 dorsum
340 444 485 504 usque,
515 455 560 484 ut
583 443 625 484 in
649 442 768 499 agnis
794 443 1005 491 neonatis,
1047 442 1518 500 crispato-undulatum3
1563 442 1679 486 color

153 503 269 546 simul
287 518 310 545 e
329 499 481 560 gryseo
496 501 631 558 magis
650 498 925 549 cineraseens,
957 499 1182 543 secundum
1203 498 1361 558 spinam
1385 500 1431 544 ὅτ
1455 501 1499 544 in
1520 501 1679 545 vertice

154 559 346 605 fuscidior
369 557 526 602 adultis.

643 688 1185 741 MENSURAE.

149 761 465 832 Dimenfiones
489 795 548 824 ex
571 796 657 824 uno
680 795 796 823 mare
819 780 961 824 adulto
986 779 1220 825 exhibuisse
1244 778 1434 825 sufficiat:

208 846 249 890 A
267 844 429 888 summo
446 844 562 903 septo
579 846 739 887 narium
766 861 840 903 per
855 844 1012 903 spinam
1027 847 1079 889 ad
1100 861 1227 889 anum
1400 849 1452 899 4!
1506 846 1568 888 1!l
1597 846 1680 895 0,‘¹'

206 929 263 935 —-
322 902 438 959 septo
465 903 517 945 ad
543 901 802 946 tuberculum
828 904 936 946 inter
960 918 1080 947 aures
1199 929 1254 936 —
1404 919 1440 947 1.
1497 919 1537 947 ο.
1601 918 1636 955 3.

210 987 266 992 -——
325 961 378 1002 ad
396 958 507 1002 basin
534 975 738 1002 cornuum
936 987 994 993 ——-
1165 987 1224 995 ——
1401 977 1442 1004 0.
1506 972 1542 1008 8.
1601 975 1638 1004 2.

208 1017 558 1064 Circumferentia
574 1017 690 1061 rostri
709 1018 812 1061 ultra
836 1034 885 1061 os
903 1019 1127 1077 prominuli
1226 1045 1284 1052 —
1400 1034 1441 1062 0.
1499 1033 1539 1069 5.
1600 1033 1639 1071 4.

208 1102 263 1107 —-
321 1076 404 1117 oris
425 1073 476 1117 ab
495 1076 648 1134 angulo
669 1076 720 1118 ad
747 1076 946 1134 angulum
1121 1102 1180 1109 —
1406 1092 1446 1120 0.
1504 1090 1542 1126 5.
1601 1093 1637 1127 o.

207 1131 308 1179 Nafi
332 1134 434 1174 ultra
460 1148 508 1174 os
530 1133 755 1190 prominuli
780 1134 1001 1192 longitudo
1169 1160 1226 1166 —-
1397 1150 1438 1177 0.
1502 1148 1536 1176 Ι.
1594 1148 1635 1176 0.

208 1191 329 1247 Septi
354 1187 542 1232 crass'ities
805 1216 861 1224 —-
1142 1217 1199 1224 -—
1397 1207 1438 1235 0.
1495 1207 1535 1234 0.
1596 1202 1660 1246 εξ.

206 1249 424 1290 Diameter
440 1248 617 1300 cujusvis
636 1260 850 1305 aperturae
1086 1274 1144 1280 -—
1402 1264 1441 1292 ο.
1499 1264 1538 1292 0.
1603 1263 1640 1300 7.

203 1306 248 1349 A
277 1304 393 1363 septo
427 1306 588 1347 narium
651 1320 696 1348 er
715 1306 889 1349 rostrum
915 1306 1227 1366 cartilagineum
1245 1304 1373 1368 usque

303 1362 355 1404 acl
377 1361 560 1404 frontem
585 1379 611 1404 o
631 1361 739 1405 seam
920 1389 976 1394 -—
1159 1390 1216 1396 --
1397 1380 1436 1408 ο.
1496 1370 1533 1408 6.
1591 1378 1631 1406 ο,

204 1420 247 1464 A
264 1421 454 1477 margine
481 1421 641 1462 narium
657 1421 710 1463 ad
736 1418 935 1464 canthum
962 1422 1071 1465 oculi
1203 1448 1261 1455 —
1401 1437 1440 1466 0.
1500 1428 1536 1466 6.
1593 1435 1634 1471 5.

208 1475 356 1522 Fissura
377 1477 665 1536 palpebrarum
866 1504 924 1510 —-
1135 1505 1192 1512 -—
1403 1495 1441 1523 0.
1505 1494 1538 1522 1.
1601 1492 1636 1530 3.

207 1536 332 1578 Oculi
357 1543 547 1592 apertura
747 1561 805 1568 —-·
1003 1562 1061 1568 —
1271 1562 1329 1570 ——
1398 1554 1438 1580 0.
1497 1552 1531 1581 0.
1595 1553 1634 1590 9.

205 1592 407 1636 Distantia
422 1592 509 1636 ostii
527 1591 634 1635 smus
649 1593 882 1651 lacrymalis
901 1592 952 1636 ab
973 1595 1099 1638 oculo
1395 1610 1434 1637 ο.
1499 1609 1530 1636 1.
1596 1608 1632 1636 1.

207 1653 246 1694 A
264 1649 422 1708 postico
438 1649 591 1693 cantho
608 1652 717 1693 oculi
733 1652 785 1694 ad
801 1667 943 1694 aurem
1133 1678 1190 1685 —
1404 1666 1437 1696 Ι.
1501 1666 1534 1696 1.
1569 1666 1633 1694 10.

207 1707 478 1751 Intervallum
495 1710 602 1751 inter
629 1709 845 1754 oculorum
871 1708 1046 1754 canthos
1071 1712 1231 1754 anticos
1252 1709 1369 1755 resta

301 1767 373 1808 axi
573 1791 631 1797 ———
861 1793 917 1798 -
1149 1793 1205 1799 —-
1393 1783 1433 1810 O.
1493 1783 1532 1820 4.
1591 1781 1629 1818 ο.

204 1848 261 1855 -
320 1823 433 1865 idem
451 1820 523 1865 filo
540 1839 616 1882 per
632 1823 815 1867 frontem
1047 1851 1106 1857 —
1394 1840 1431 1869 0.
1490 1841 1530 1878 4.
1589 1839 1630 1876 5.

205 1880 409 1923 Distantia
426 1896 629 1924 cornuum
645 1897 668 1925 a
685 1885 874 1942 margine
891 1882 1050 1926 orbitae
1181 1909 1239 1917 —-
1397 1899 1435 1927 0.
1496 1896 1533 1926 1.
1590 1896 1630 1926 0.

205 1961 263 1969 ·——
322 1953 524 1980 cornuum
546 1940 653 1982 inter
666 1939 706 1983 se
858 1967 916 1972 -—-
1126 1965 1185 1974 ——-
1394 1956 1432 1984 0.
1496 1955 1530 1984 Ι.
1565 1955 1629 1984 10.

205 2020 261 2027 —-—
321 1995 392 2039 ubi
407 1995 581 2039 arcubus
600 1999 787 2041 maxime
812 1998 958 2041 distant
1147 2025 1205 2032 —-
1397 2014 1437 2042 0.
1496 2013 1534 2051 4.
1597 2009 1631 2051 8.

204 2078 261 2084 -—
318 2053 426 2096 inter
440 2055 577 2110 apices
729 2082 787 2088 -—
948 2082 1005 2088 --
1169 2082 1226 2089 —-
1397 2071 1435 2099 ο.
1491 2071 1528 2109 4.
1588 2070 1625 2109 4.

202 2110 424 2155 cornuum
448 2111 666 2169 longitudo
685 2111 909 2157 secundum
935 2130 1077 2157 arcum
1203 2140 1261 2146 —-
1392 2130 1431 2158 0.
1467 2129 1530 2157 10.
1592 2127 1628 2167 9.

201 2192 258 2199 -—
316 2167 647 2211 circumferentia
671 2169 753 2213 basl
926 2198 984 2205 „-
1157 2197 1216 2205 —
1391 2187 1431 2215 0.
1491 2186 1529 2222 4.
1592 2183 1627 2212 2.

202 2225 380 2270 Aurium
397 2225 582 2270 distantia
597 2242 621 2270 a
637 2227 830 2272 cornibus
1074 2255 1130 2262 --
1387 2244 1427 2272 0.
1489 2242 1526 2271 2.
1581 2243 1624 2282 o.

1489 2284 1665 2329 Aurium
