2032 2732
687 248 870 307 Qvo&
989 247 1200 302 (48)
1318 244 1514 302 Qw,

333 355 435 402 fust,
461 348 706 394 succedente
723 345 781 390 ibi
799 346 839 386 in
857 344 997 388 locum
1021 341 1067 385 ὅι
1092 356 1252 385 nomen
1275 345 1360 395 ejus
1383 342 1582 391 Kevella‚
1616 357 1709 403 quae
1734 344 1775 387 in
1802 359 1863 389 ru·

336 409 537 472 pestribus
553 405 699 466 apricis
715 403 900 447 Tatariae
925 400 1189 450 australioris,
1219 400 1447 459 Persiaeque
1472 399 1540 445 sub
1566 402 1769 459 praedieto
1793 419 1867 446 no-

336 472 451 514 mine
472 464 727 524 (Dsha'z'ran)
749 474 851 504 nota
866 459 933 503 est.
993 460 1258 504 coercentur
1276 471 1416 501 autem
1436 460 1581 516 alpinis
1602 459 1645 502 da
1663 458 1866 517 sylvestri.

337 529 415 573 bus
439 526 521 570 istis
543 524 673 582 jugis,
704 521 800 582 quia
824 518 962 577 sylvas
987 518 1030 560 in
1047 531 1205 575 genere
1223 517 1392 567 timent,
1419 532 1497 562 nee
1514 532 1699 577 unquam
1721 517 1867 577 sponte

339 585 641 645 ingrediuntur.

458 646 603 701 ltaque
625 637 769 699 pascua
793 636 931 695 aprica
951 633 1135 684 servant,
1162 634 1284 684 fleca,
1314 635 1532 694 rupestria;
1563 635 1710 693 planos
1735 637 1871 679 maxi-

343 719 413 748 me
427 715 601 758 campos
618 708 778 745 amant,
810 696 906 737 licet
923 706 1114 741 montes,
1143 691 1172 735 si
1187 697 1318 735 modo
1343 693 1459 751 sylva
1484 709 1570 736 non
1595 692 1671 736 smt
1693 693 1872 744 horridi,

343 761 457 806 haud
476 758 616 802 invitae
635 753 942 800 transcendant,
975 749 1205 809 periculoso
1225 751 1350 793 etiam
1369 753 1410 792 in
1434 753 1619 800 tramite,
1647 750 1676 794 fi
1691 767 1773 810 qua
1785 768 1874 795 mo-

343 821 400 864 do
416 818 549 862 senior
560 816 672 858 viam
689 812 876 858 duxerit,
905 809 1110 867 sequaces.
1139 808 1318 867 Semper
1337 807 1541 857 sociariin,
1566 824 1666 852 vere
1683 810 1875 853 &aestate

344 877 498 922 minori
538 885 735 919 numero,
768 880 971 911 autumno
1002 868 1249 909 centenariis
1287 866 1392 924 saepe
1420 866 1621 924 gregibus
1659 882 1875 926 vagamur,

344 937 524 993 Hyeme
561 930 754 973 audacius
784 926 837 968 ad
867 923 1052 967 habitata
1083 924 1174 966 loca
1205 924 1429 972 accedunt,
1460 925 1643 986 ideoque
1664 936 1753 967 tum
1770 927 1878 969 intra

345 991 544 1039 Dauuriae
562 984 714 1030 rufficae
730 982 855 1032 fines,
883 980 954 1025 ubi
968 981 1094 1025 colles
1110 982 1249 1040 aprici,
1272 981 1475 1040 rupestres
1490 983 1563 1025 vix
1584 998 1766 1041 unquam
1786 999 1878 1042 per-

348 1051 509 1096 sistente
526 1048 625 1089 nive
641 1041 744 1086 tecti
760 1041 868 1088 sunt,
899 1039 1039 1099 pabuli
1057 1041 1172 1083 causa
1183 1041 1666 1099 copioliuscolliguntur:
1688 1042 1880 1102 idemque

349 1111 403 1154 de
427 1106 585 1164 campis
617 1098 912 1147 Gobeensxbus
941 1098 1195 1157 praedicatur.
1255 1098 1436 1156 Reliquo
1463 1099 1559 1141 anni
1585 1111 1778 1160 tempore
1807 1115 1881 1157 per

351 1181 527 1212 omnem
544 1159 812 1220 Mongoliam
830 1157 1011 1215 apricam
1031 1155 1338 1214 disperguntur,
1363 1156 1519 1198 timidae
1536 1170 1660 1213 atque
1681 1156 1880 1215 fugaciffi-

352 1241 445 1271 mae.
507 1223 715 1266 Armenta
732 1230 873 1259 tamen
890 1231 975 1257 non
994 1215 1163 1262 timent,
1194 1212 1362 1273 ipseque
1380 1213 1466 1255 vidi
1491 1213 1630 1266 Majo,
1659 1215 1701 1256 in
1723 1215 1880 1272 pastuis

352 1298 482 1343 prope
501 1278 743 1324 fortalitium
757 1272 1022 1318 Aki'chanum
1042 1273 1095 1315 ad
1106 1271 1327 1321 Ononem,
1343 1271 1569 1316 vitulorum
1590 1271 1790 1331 gregibus
1809 1274 1882 1315 im-

355 1344 522 1388 mixtas.

472 1397 627 1442 plantis
647 1392 854 1442 dulcibus,
882 1389 1121 1450 alpestribus
1138 1389 1383 1450 plerumque
1396 1386 1637 1438 ven-untur,
1666 1389 1778 1433 unde
1800 1404 1883 1432 car-

357 1475 426 1505 nes
448 1472 591 1501 earum
619 1449 879 1512 sapidiffimae.
937 1449 1024 1492 Sed
1048 1460 1165 1491 erant
1187 1447 1323 1490 adhuc
1347 1446 1417 1490 sub
1443 1448 1605 1489 initium
1629 1446 1760 1502 Juniu,
1800 1463 1885 1508 quo

357 1532 444 1562 tem
478 1530 572 1563 ore,
602 1509 886 1568 descriptionis
905 1506 1042 1553 causa,
1057 1509 1328 1549 venationem
1344 1504 1608 1549 instituebum
1623 1537 1633 1554 ‚
1654 1505 1887 1549 macilentae

360 1593 419 1621 ex
458 1573 638 1632 iyberna
654 1569 783 1611 diaeta.
843 1566 1047 1622 Agilimte
1066 1564 1185 1607 nullis
1204 1578 1492 1622 congenerum
1522 1564 1695 1612 cedunt,
1722 1563 1767 1606 dc
1783 1563 1888 1607 mul:

359 1648 405 1679 to
432 1629 738 1676 continentiore
767 1623 881 1668 cursu
912 1623 1080 1671 durant,
1125 1637 1252 1682 quam
1281 1628 1329 1664 A.
1353 1622 1491 1679 Sal‘ga.
1564 1622 1742 1663 Saltibus
1761 1623 1890 1665 etjam

360 1692 538 1736 multum
563 1685 751 1745 praestant
785 1697 915 1743 quum
946 1682 1097 1724 territae
1124 1680 1309 1737 fugiunt,
1351 1694 1521 1738 unoque
1548 1680 1708 1736 impetu
1729 1679 1782 1722 ad
1807 1692 1890 1722 tres

360 1761 591 1810 quatuorve
608 1757 765 1801 orgyas
780 1740 1023 1794 jaculantur3
1052 1738 1272 1791 Ejusmodi
1289 1736 1406 1780 saltus
1427 1737 1610 1796 gqualem
1623 1736 1891 1779 TABULAII

362 1825 387 1853 e
405 1807 637 1865 longinquo
653 1798 848 1851 exhibet>
886 1797 1179 1855 Antiloparum
1198 1793 1372 1854 species,
1405 1809 1506 1852 quas
1530 1796 1648 1837 vivas
1666 1794 1772 1843 vidi,
1798 1809 1889 1836 om-

363 1881 438 1909 nes
463 1872 689 1908 exercent,
720 1869 765 1900 ut
786 1855 894 1898 male
920 1856 1211 1897 BuFFons
1245 1854 1350 1908 (vol.
1372 1866 1436 1902 24.
1451 1861 1484 1905 p.
1511 1852 1634 1905 304.)
1663 1849 1889 1896 asseruerit:
1950 1892 1968 1907 ‘-

363 1922 587 1977 Antilopas
612 1928 773 1959 tantum
796 1912 986 1971 aequabili
1007 1910 1119 1952 cursu
1136 1911 1294 1961 valere,
1330 1923 1417 1950 non
1433 1908 1571 1966 longis
1595 1908 1783 1960 saltibus,
1809 1910 1892 1955 Ca-

363 1980 606 2041 preolorum
625 1971 811 2022 adinstar,
829 1983 979 2026 corpus
995 1969 1205 2025 projicere.

482 2035 608 2089 Ocstm‘
627 2044 792 2088 tempus
811 2028 862 2070 A.
877 2025 1095 2083 gutturofiz
1111 2024 1245 2067 multo
1260 2023 1434 2074 tardius,
1465 2040 1590 2084 quam
1608 2026 1753 2085 Sarga,
1789 2027 1892 2069 cele-

362 2097 474 2144 brat3
505 2090 752 2135 &foemina
775 2085 929 2128 tardius
954 2083 1197 2142 Capreolis‚
1229 2098 1316 2124 non
1342 2095 1438 2125 ante
1466 2084 1649 2133 initium,
1677 2087 1764 2126 imo
1789 2084 1893 2142 saepe

395 2155 455 2198 ost
470 2149 655 2195 medium
676 2145 784 2249 {unii
804 2143 909 2201 parit
926 2141 1089 2200 prolem
1105 2141 1352 2200 plerumque
1368 2139 1596 2185 solitariam.
1635 2143 1758 2185 Initio
1779 2144 1894 2186 enim

362 2171 473 2271 {funii
497 2211 539 2253 in
555 2203 679 2250 dissec
700 2218 723 2247 a
745 2202 929 2251 foetum,
960 2199 1209 2244 adultiorem
1226 2199 1422 2258 quidem,
1453 2197 1523 2243 sed
1548 2200 1683 2244 adhuc
1712 2200 1916 2258 depilemr

1742 2260 1894 2303 invenit
