2032 2732
609 233 765 303 ’2⁵70AE
848 239 992 292 (25)
1078 237 1232 296 ’ἓῆσίἕ

135 335 327 387 caedunt,
361 346 435 378 nec
451 345 584 377 tamen
599 348 778 390 unquam
793 336 967 377 melioris
984 348 1100 378 notae
1122 336 1314 379 Moschus
1339 338 1441 380 intra
1468 336 1647 380 Sibil-iam
1666 340 1706 380 in

135 407 278 435 manus
295 394 700 442 mercatorumvenit‚
731 392 793 433 vel
806 406 983 448 unquam
996 393 1138 435 venisse
1149 394 1306 436 auditus
1324 394 1390 436 est.
1408 418 1463 425 —-
1520 396 1618 436 Non
1629 409 1707 436 ma-

133 452 197 504 gis
216 449 266 501 ab
285 461 411 491 aetate
429 447 685 490 derivandam
704 447 776 490 effe
796 448 1075 502 differentiam,
1108 451 1274 492 Hinnuli
1286 451 1471 505 probant,
1481 451 1627 507 quibus
1637 450 1709 493 fol-

132 506 274 547 liculus
295 508 333 546 in
354 519 475 560 rugas
493 501 684 559 crispatus
703 505 744 545 &
762 505 878 559 plane
897 520 1071 557 vacuus,
1092 505 1173 548 solo
1201 510 1340 549 humet
1366 508 1508 559 halitu,
1539 508 1708 549 odorem

134 575 270 604 tamen
290 561 515 617 specii-icum
534 560 669 602 exafi’te
685 561 803 602 talem
824 561 954 613 fovet,
985 576 1105 616 quem
1124 563 1367 605 adultiomm
1378 576 1498 618 atque
1510 561 1708 606 seniorum

135 618 300 660 collecta
319 619 479 659 materia
499 615 658 672 spargit.
717 618 778 658 Ex
800 619 860 659 his
883 632 1014 659 tamen
1034 619 1129 659 alter
1148 633 1243 673 prae
1263 620 1407 672 altero,
1437 622 1493 661 uti
1521 619 1635 662 facile
1651 620 1708 662 est

134 674 357 725 observare,
381 672 622 729 fragrantior
640 674 967 729 deprehenditur.
990 700 1045 705 —-
1103 675 1203 715 Mihi
1221 676 1383 730 quidem
1411 677 1562 717 nonnisi
1590 679 1627 718 in
1645 677 1709 718 cli-

133 745 239 774 mate
258 730 452 782 calidiori,
484 731 709 786 plantisque
726 732 850 773 reflua
870 731 1034 772 odorata
1055 730 1313 783 scatentibus,
1346 732 1495 786 quibus
1512 733 1709 775 australio-

131 801 196 830 res
221 785 376 828 Moschi
402 785 637 841 pascuntur,
686 788 914 842 quaerenda
948 787 1022 829 csse
1049 788 1209 829 videtur
1239 789 1386 829 horum
1421 792 1710 843 praerogativa.

133 844 266 886 Multa
283 845 438 898 quippe
456 843 528 885 alia
547 842 635 885 sunt
657 845 839 899 exempla
857 843 1024 900 specifici
1041 844 1176 886 odoris
1194 847 1232 885 in
1250 845 1483 886 animalibus
1492 845 1542 886 ab
1553 846 1710 887 alimen-

131 913 174 942 to
196 900 419 955 pendentis.
475 900 781 955 Ichthyopliaffa
801 902 979 942 animalia
999 901 1039 941 ἃ
1057 914 1167 952 aveS,
1200 904 1323 942 immo
1351 902 1554 953 homines,
1586 901 1709 957 piscu-

131 958 239 999 lento
258 956 384 998 odore
404 953 624 1001 offendunt.
685 958 831 999 Ovium
857 958 1162 999 domesticarum
1189 971 1327 999 carnes
1356 972 1377 999 a
1403 972 1543 1000 natura
1570 957 1707 1014 pascui

132 1013 270 1068 sapore
289 1015 452 1063 mutari,
482 1026 543 1054 res
563 1014 617 1054 cst
636 1015 840 1055 notiffima.
896 1014 978 1055 Lac
996 1027 1203 1055 vaccarum
1217 1015 1386 1055 alienum
1399 1014 1566 1056 odorem
1580 1015 1707 1057 induit

130 1084 152 1112 a
170 1070 313 1124 plantis
335 1069 581 1120 vernalibus,
612 1069 778 1121 Salsolis,
799 1070 975 1121 Alliaria,
997 1070 1122 1111 Alliis.
1181 1071 1317 1126 Cacpa
1341 1072 1539 1126 copiofius
1558 1072 1706 1127 ingesta

130 1127 302 1168 hominis
323 1124 523 1177 sudorem,
554 1125 720 1167 resinosa
747 1130 870 1177 varia,
900 1127 1134 1181 Asparagus
1147 1159 1157 1177 ,
1198 1130 1363 1168 cortices
1401 1131 1602 1170 aromatici
1632 1130 1706 1169 uri-

129 1196 224 1224 nam
246 1181 370 1222 odore
389 1183 713 1235 praeternaturali
737 1184 927 1225 inficiunt.
987 1183 1164 1223 Castorei
1195 1197 1360 1238 quoque
1387 1185 1442 1225 est
1461 1185 1591 1239 aliqua
1611 1198 1705 1226 cum

129 1238 253 1280 odore
271 1239 470 1293 gratillimi
492 1238 626 1291 pabuli
642 1241 859 1289 (corticum
877 1239 1199 1294 populneorum)
1216 1239 1401 1291 affinitas,
1420 1255 1646 1296 magnaque
1656 1240 1706 1283 se-

129 1294 308 1337 cundum
328 1295 441 1335 clima
460 1295 500 1335 &
518 1297 702 1350 vigorem
725 1296 900 1336 animalis
919 1296 1140 1347 diverlitas‚
1170 1296 1274 1337 unde
1298 1296 1510 1338 Sibi1·icum
1530 1300 1706 1353 fragran-

129 1354 180 1393 tia
202 1351 372 1406 praestat
389 1351 644 1392 Americano.
704 1352 839 1406 Itaque
857 1353 898 1393 8:
916 1355 953 1392 in
970 1351 1125 1393 Moschi
1145 1366 1298 1407 organo
1318 1353 1519 1396 odorifero
1542 1356 1705 1396 similem

128 1408 204 1450 effe
224 1407 363 1449 talium
383 1405 587 1448 causarum
608 1406 818 1463 effectum,
850 1422 931 1464 quo
950 1422 1191 1463 argumento
1219 1411 1307 1462 quis
1332 1409 1516 1452 refellet?
1551 1412 1602 1453 Et
1623 1410 1704 1464 jam

129 1465 393 1515 AvicENNA,
418 1464 696 1506 MANsUDms
715 1465 859 1519 aliique
879 1465 1028 1519 pabulo
1043 1465 1179 1506 deberi
1198 1465 1405 1520 Tybetani
1423 1466 1577 1509 Moschi
1594 1467 1705 1508 nobi-

127 1521 278 1562 litatem
297 1520 529 1561 statuerunt.
588 1521 768 1563 Accedat
791 1522 906 1562 clima
926 1523 967 1564 δε
981 1521 1092 1576 quod
1114 1522 1275 1563 Animal
1302 1522 1586 1566 mof'ehiferum
1603 1524 1704 1565 calo-

126 1579 182 1619 ris
201 1577 387 1617 naturalis
406 1576 545 1630 infigni
564 1577 693 1631 gradu
713 1578 937 1632 praeditum
956 1580 1021 1619 est.
1081 1578 1184 1618 Mihi
1202 1581 1306 1620 enim
1326 1579 1495 1621 Moscho
1516 1578 1703 1633 masculo,

130 1632 270 1675 seniori
289 1645 444 1673 tantum
466 1635 568 1673 inter
584 1632 736 1675 femora
754 1634 964 1676 detentum
989 1635 1322 1677 thermometrum
1341 1636 1512 1690 gradum
1522 1651 1611 1681 [102.
1629 1635 1703 1678 sca-

127 1688 187 1732 lae
207 1688 530 1730 Farenheitianae
549 1689 757 1742 indicavit,
789 1692 989 1732 internum
1008 1691 1193 1745 pluribus
1210 1691 1404 1745 gradibus
1422 1696 1612 1741 maiorem
1628 1692 1703 1735 effe

125 1744 376 1790 credendum
395 1745 450 1786 est
462 1778 473 1797 ‚
508 1759 631 1800 quem
649 1760 782 1789 tamen
800 1749 972 1802 experiri
992 1749 1154 1802 inopina
1170 1761 1280 1789 mors
1296 1750 1471 1791 animalis
1484 1752 1626 1795 vetuit.‚

231 1834 408 1894 Sibyrico
434 1835 499 1876 vel
525 1836 785 1879 kabardiuico
811 1838 881 1890 (ut
898 1838 1089 1894 appellari
1109 1838 1233 1893 vulgo
1262 1837 1385 1891 solet)
1410 1838 1575 1896 Moscho
1604 1816 1703 1882 οᾱόν

128 1905 211 1934 non
229 1892 356 1956 ,plane
380 1891 631 1946 Moschams,
672 1892 736 1935 sed
768 1895 956 1936 Castoreo
982 1896 1102 1949 paulo
1128 1894 1308 1947 fimilior‚
1350 1900 1531 1951 argutior
1552 1895 1702 1948 tamen,

127 1962 340 2005 magisque
356 1948 580 2003 ambratus,
612 1951 740 1994 multo
758 1954 889 1994 minus
907 1951 1083 1993 inficiens
1100 1951 1141 1993 δε
1161 1951 1347 2006 volatilis,
1378 1966 1517 2008 gratus
1536 1966 1603 1995 aut
1622 1965 1704 1995 cer-

1666 2021 1705 2051 te

253 2102 399 2133 celebrata
415 2104 504 2132 etiam
519 2103 683 2135 Sinenfibus
700 2105 902 2146 aphrodiliaca
918 2106 1031 2137 Moschi
1049 2106 1184 2142 medela;
1209 2113 1416 2150 praeterquam
1443 2107 1549 2150 quod,
1573 2106 1704 2137 aliorum

252 2144 337 2174 instar
354 2146 484 2175 Orientis
497 2144 704 2185 populorum,
722 2157 778 2187 pro
800 2147 1001 2178 odoramento
1020 2147 1264 2189 familiariffimo‚
1295 2153 1324 2179 in
1347 2150 1570 2180 medicamentis
1599 2159 1631 2177 ac
1649 2147 1703 2178 usu

251 2185 414 2215 cosmetico
433 2185 468 2214 ab
485 2187 520 2215 iis
540 2192 692 2227 expetatur
709 2188 836 2218 Castorei
855 2189 956 2220 fimilis
972 2191 1085 2228 virtut»,
1109 2192 1228 2221 interno
1247 2192 1277 2222 ὃς
1293 2200 1416 2221 externo
1432 2191 1485 2221 usu
1500 2190 1578 2231 apud
1598 2187 1701 2219 Ruffo-

252 2237 320 2257 rum
341 2227 446 2267 vulgus
463 2225 627 2263 notiffim23
651 2230 700 2258 cui
716 2229 842 2270 quidem
857 2231 996 2263 Moschus
1013 2231 1173 2272 Sibiricus,
1196 2235 1240 2263 uti
1257 2232 1371 2274 odore,
1403 2234 1444 2262 ita
1459 2232 1489 2263 3:
1504 2230 1632 2262 efficacia
1651 2241 1700 2260 ae·

249 2270 402 2309 quiparari
426 2266 504 2308 poili:
521 2267 647 2299 videtur.

216 2323 346 2381 Spicil.
359 2322 473 2369 Zool.
485 2323 531 2368 F
523 2324 594 2380 asc.
609 2322 726 2369 XIII.
1032 2328 1073 2369 D
