<?xml version="1.0" encoding="UTF-8"?>
<!DOCTYPE html PUBLIC "-//W3C//DTD XHTML 1.0 Transitional//EN"
    "http://www.w3.org/TR/xhtml1/DTD/xhtml1-transitional.dtd">
<html xmlns="http://www.w3.org/1999/xhtml" xml:lang="en" lang="en">
 <head>
  <title>
</title>
<meta http-equiv="Content-Type" content="text/html;charset=utf-8" />
  <meta name='ocr-system' content='tesseract 3.04.00' />
  <meta name='ocr-capabilities' content='ocr_page ocr_carea ocr_par ocr_line ocrx_word'/>
</head>
<body>
  <div class='ocr_page' id='page_1' title='image "./spicilegiazoolog914pall_0490.png"; bbox 0 0 2032 2732; ppageno 0'>
   <div class='ocr_carea' id='block_1_1' title="bbox 700 244 1503 306">
    <p class='ocr_par' dir='ltr' id='par_1_1' title="bbox 700 244 1503 306">
     <span class='ocr_line' id='line_1_1' title="bbox 700 244 1503 306; baseline 0.001 -1"><span class='ocrx_word' id='word_1_1' title='bbox 700 244 872 305; x_wconf 53' lang='lat' dir='ltr'><strong>‘&#39;¹³³0ss</strong></span> <span class='ocrx_word' id='word_1_2' title='bbox 985 245 1221 301; x_wconf 78' lang='lat'>(88)</span> <span class='ocrx_word' id='word_1_3' title='bbox 1334 246 1503 306; x_wconf 50' lang='lat' dir='ltr'><strong>⁴⁵³4,ss</strong></span> 
     </span>
    </p>
   </div>
   <div class='ocr_carea' id='block_1_2' title="bbox 305 339 1864 2210">
    <p class='ocr_par' dir='ltr' id='par_1_2' title="bbox 316 339 1864 1249">
     <span class='ocr_line' id='line_1_2' title="bbox 327 339 1864 390; baseline 0 -8"><span class='ocrx_word' id='word_1_4' title='bbox 327 339 593 382; x_wconf 80' lang='lat' dir='ltr'><strong>Buraetorum</strong></span> <span class='ocrx_word' id='word_1_5' title='bbox 620 340 662 381; x_wconf 91' lang='lat' dir='ltr'><strong>in</strong></span> <span class='ocrx_word' id='word_1_6' title='bbox 685 339 801 382; x_wconf 78' lang='lat' dir='ltr'><strong>sacris</strong></span> <span class='ocrx_word' id='word_1_7' title='bbox 828 340 1099 382; x_wconf 86' lang='lat' dir='ltr'><strong>daemoniacis</strong></span> <span class='ocrx_word' id='word_1_8' title='bbox 1125 339 1360 382; x_wconf 79' lang='lat' dir='ltr'><strong>exercendis</strong></span> <span class='ocrx_word' id='word_1_9' title='bbox 1384 352 1565 390; x_wconf 82' lang='lat' dir='ltr'><strong>utuntur,</strong></span> <span class='ocrx_word' id='word_1_10' title='bbox 1600 339 1784 382; x_wconf 79' lang='lat' dir='ltr'><strong>adhiberi</strong></span> <span class='ocrx_word' id='word_1_11' title='bbox 1805 340 1864 383; x_wconf 87' lang='lat' dir='ltr'><strong>so-</strong></span> 
     </span>
     <span class='ocr_line' id='line_1_3' title="bbox 326 397 1861 453; baseline 0 -13"><span class='ocrx_word' id='word_1_12' title='bbox 326 398 420 440; x_wconf 84' lang='lat' dir='ltr'><strong>lent.</strong></span> <span class='ocrx_word' id='word_1_13' title='bbox 480 397 688 438; x_wconf 82' lang='lat' dir='ltr'><strong>Zibellinis</strong></span> <span class='ocrx_word' id='word_1_14' title='bbox 717 398 840 449; x_wconf 87' lang='lat' dir='ltr'><strong>enim,</strong></span> <span class='ocrx_word' id='word_1_15' title='bbox 877 410 1047 453; x_wconf 89' lang='lat' dir='ltr'><strong>propter</strong></span> <span class='ocrx_word' id='word_1_16' title='bbox 1073 398 1290 447; x_wconf 83' lang='lat' dir='ltr'><strong>caritatem,</strong></span> <span class='ocrx_word' id='word_1_17' title='bbox 1322 410 1503 453; x_wconf 79' lang='lat' dir='ltr'><strong>parcent,</strong></span> <span class='ocrx_word' id='word_1_18' title='bbox 1549 397 1723 453; x_wconf 80' lang='lat' dir='ltr'><strong>aliasque</strong></span> <span class='ocrx_word' id='word_1_19' title='bbox 1749 412 1861 452; x_wconf 85' lang='lat' dir='ltr'><strong>prae-</strong></span> 
     </span>
     <span class='ocr_line' id='line_1_4' title="bbox 324 453 1862 510; baseline -0.001 -13"><span class='ocrx_word' id='word_1_20' title='bbox 324 468 510 510; x_wconf 78' lang='lat' dir='ltr'><strong>terquam</strong></span> <span class='ocrx_word' id='word_1_21' title='bbox 534 468 556 496; x_wconf 87' lang='lat' dir='ltr'><strong>e</strong></span> <span class='ocrx_word' id='word_1_22' title='bbox 576 454 796 496; x_wconf 87' lang='lat' dir='ltr'><strong>Mustelino</strong></span> <span class='ocrx_word' id='word_1_23' title='bbox 823 469 974 510; x_wconf 82' lang='lat' dir='ltr'><strong>genere</strong></span> <span class='ocrx_word' id='word_1_24' title='bbox 995 454 1122 509; x_wconf 80' lang='lat' dir='ltr'><strong>pelles</strong></span> <span class='ocrx_word' id='word_1_25' title='bbox 1141 454 1505 510; x_wconf 79' lang='lat' dir='ltr'><strong>dorsoappendere</strong></span> <span class='ocrx_word' id='word_1_26' title='bbox 1522 453 1634 496; x_wconf 84' lang='lat' dir='ltr'><strong>nefas</strong></span> <span class='ocrx_word' id='word_1_27' title='bbox 1653 455 1761 510; x_wconf 81' lang='lat' dir='ltr'><strong>apud</strong></span> <span class='ocrx_word' id='word_1_28' title='bbox 1777 455 1862 497; x_wconf 83' lang='lat' dir='ltr'><strong>Ne-</strong></span> 
     </span>
     <span class='ocr_line' id='line_1_5' title="bbox 325 511 1857 567; baseline 0.001 -14"><span class='ocrx_word' id='word_1_29' title='bbox 325 513 494 554; x_wconf 88' lang='lat' dir='ltr'><strong>bulones</strong></span> <span class='ocrx_word' id='word_1_30' title='bbox 514 513 605 553; x_wconf 86' lang='lat' dir='ltr'><strong>istos</strong></span> <span class='ocrx_word' id='word_1_31' title='bbox 622 512 802 553; x_wconf 77' lang='lat' dir='ltr'><strong>habetur.</strong></span> <span class='ocrx_word' id='word_1_32' title='bbox 860 512 966 553; x_wconf 88' lang='lat' dir='ltr'>Mihi</span> <span class='ocrx_word' id='word_1_33' title='bbox 984 511 1106 567; x_wconf 86' lang='lat' dir='ltr'><strong>pelles</strong></span> <span class='ocrx_word' id='word_1_34' title='bbox 1122 511 1342 566; x_wconf 81' lang='lat' dir='ltr'><strong>hybernae,</strong></span> <span class='ocrx_word' id='word_1_35' title='bbox 1374 512 1508 553; x_wconf 88' lang='lat' dir='ltr'><strong>colore</strong></span> <span class='ocrx_word' id='word_1_36' title='bbox 1529 511 1698 567; x_wconf 86' lang='lat' dir='ltr'><strong>vulpino</strong></span> <span class='ocrx_word' id='word_1_37' title='bbox 1718 511 1857 554; x_wconf 70' lang='lat' dir='ltr'><strong>arden-</strong></span> 
     </span>
     <span class='ocr_line' id='line_1_6' title="bbox 324 567 1860 624; baseline -0.001 -12"><span class='ocrx_word' id='word_1_38' title='bbox 324 571 466 612; x_wconf 56' lang='lat' dir='ltr'><strong>tiilime</strong></span> <span class='ocrx_word' id='word_1_39' title='bbox 489 567 602 610; x_wconf 85' lang='lat' dir='ltr'><strong>fulvo</strong></span> <span class='ocrx_word' id='word_1_40' title='bbox 627 569 787 621; x_wconf 81' lang='lat' dir='ltr'><strong>nitidae,</strong></span> <span class='ocrx_word' id='word_1_41' title='bbox 825 569 925 611; x_wconf 85' lang='lat' dir='ltr'><strong>adeo</strong></span> <span class='ocrx_word' id='word_1_42' title='bbox 949 569 1111 624; x_wconf 87' lang='lat' dir='ltr'><strong>pulcrae</strong></span> <span class='ocrx_word' id='word_1_43' title='bbox 1134 569 1222 610; x_wconf 88' lang='lat' dir='ltr'><strong>sunt</strong></span> <span class='ocrx_word' id='word_1_44' title='bbox 1246 568 1360 620; x_wconf 83' lang='lat' dir='ltr'><strong>visae,</strong></span> <span class='ocrx_word' id='word_1_45' title='bbox 1399 582 1443 610; x_wconf 88' lang='lat' dir='ltr'><strong>ut</strong></span> <span class='ocrx_word' id='word_1_46' title='bbox 1459 568 1681 624; x_wconf 81' lang='lat' dir='ltr'><strong>Europaeis</strong></span> <span class='ocrx_word' id='word_1_47' title='bbox 1706 571 1860 611; x_wconf 90' lang='lat' dir='ltr'><strong>innote-</strong></span> 
     </span>
     <span class='ocr_line' id='line_1_7' title="bbox 322 625 1859 681; baseline -0.001 -12"><span class='ocrx_word' id='word_1_48' title='bbox 322 629 429 670; x_wconf 78' lang='lat' dir='ltr'><strong>scere</strong></span> <span class='ocrx_word' id='word_1_49' title='bbox 448 640 714 667; x_wconf 81' lang='lat' dir='ltr'><strong>mererentur.</strong></span> <span class='ocrx_word' id='word_1_50' title='bbox 783 627 938 667; x_wconf 77' lang='lat' dir='ltr'><strong>Verum</strong></span> <span class='ocrx_word' id='word_1_51' title='bbox 956 626 1063 667; x_wconf 82' lang='lat' dir='ltr'><strong>Ruffi</strong></span> <span class='ocrx_word' id='word_1_52' title='bbox 1079 625 1160 667; x_wconf 85' lang='lat' dir='ltr'><strong>illas</strong></span> <span class='ocrx_word' id='word_1_53' title='bbox 1176 625 1442 679; x_wconf 83' lang='lat' dir='ltr'><strong>vilipendent,</strong></span> <span class='ocrx_word' id='word_1_54' title='bbox 1466 640 1688 681; x_wconf 80' lang='lat' dir='ltr'><strong>quumque</strong></span> <span class='ocrx_word' id='word_1_55' title='bbox 1713 627 1753 667; x_wconf 90' lang='lat' dir='ltr'><strong>in</strong></span> <span class='ocrx_word' id='word_1_56' title='bbox 1777 639 1859 668; x_wconf 78' lang='lat' dir='ltr'><strong>tota</strong></span> 
     </span>
     <span class='ocr_line' id='line_1_8' title="bbox 321 682 1857 739; baseline -0.001 -13"><span class='ocrx_word' id='word_1_57' title='bbox 321 684 463 727; x_wconf 79' lang='lat' dir='ltr'><strong>Sibiria</strong></span> <span class='ocrx_word' id='word_1_58' title='bbox 482 683 621 725; x_wconf 79' lang='lat' dir='ltr'>nullibi</span> <span class='ocrx_word' id='word_1_59' title='bbox 639 684 783 724; x_wconf 76' lang='lat' dir='ltr'><strong>cariori</strong></span> <span class='ocrx_word' id='word_1_60' title='bbox 803 695 1010 733; x_wconf 79' lang='lat' dir='ltr'><strong>vaeneant,</strong></span> <span class='ocrx_word' id='word_1_61' title='bbox 1042 697 1165 737; x_wconf 87' lang='lat' dir='ltr'><strong>quarn</strong></span> <span class='ocrx_word' id='word_1_62' title='bbox 1184 682 1233 723; x_wconf 84' lang='lat' dir='ltr'><strong>ad</strong></span> <span class='ocrx_word' id='word_1_63' title='bbox 1252 682 1498 736; x_wconf 86' lang='lat' dir='ltr'><strong>Emporium</strong></span> <span class='ocrx_word' id='word_1_64' title='bbox 1519 682 1707 725; x_wconf 88' lang='lat' dir='ltr'><strong>chinense</strong></span> <span class='ocrx_word' id='word_1_65' title='bbox 1726 697 1857 739; x_wconf 84' lang='lat' dir='ltr'><strong>prope</strong></span> 
     </span>
     <span class='ocr_line' id='line_1_9' title="bbox 322 737 1856 796; baseline -0.001 -13"><span class='ocrx_word' id='word_1_66' title='bbox 322 741 538 796; x_wconf 71' lang='lat' dir='ltr'><strong>Kjachtam,</strong></span> <span class='ocrx_word' id='word_1_67' title='bbox 566 741 753 794; x_wconf 81' lang='lat' dir='ltr'><strong>undique</strong></span> <span class='ocrx_word' id='word_1_68' title='bbox 776 740 868 780; x_wconf 88' lang='lat' dir='ltr'><strong>illuc</strong></span> <span class='ocrx_word' id='word_1_69' title='bbox 894 738 1183 780; x_wconf 81' lang='lat' dir='ltr'><strong>convehuntur</strong></span> <span class='ocrx_word' id='word_1_70' title='bbox 1208 751 1328 792; x_wconf 83' lang='lat' dir='ltr'><strong>atque</strong></span> <span class='ocrx_word' id='word_1_71' title='bbox 1346 737 1613 780; x_wconf 79' lang='lat' dir='ltr'><strong>Chinenfibus</strong></span> <span class='ocrx_word' id='word_1_72' title='bbox 1629 740 1856 791; x_wconf 87' lang='lat' dir='ltr'><strong>traduntur,</strong></span> 
     </span>
     <span class='ocr_line' id='line_1_10' title="bbox 318 794 1852 855; baseline 0 -16"><span class='ocrx_word' id='word_1_73' title='bbox 318 801 389 855; x_wconf 90' lang='lat' dir='ltr'><strong>qui</strong></span> <span class='ocrx_word' id='word_1_74' title='bbox 406 797 587 840; x_wconf 62' lang='lat' dir='ltr'><strong>tinfi&#39;turis</strong></span> <span class='ocrx_word' id='word_1_75' title='bbox 607 797 732 837; x_wconf 87' lang='lat' dir='ltr'><strong>vellus</strong></span> <span class='ocrx_word' id='word_1_76' title='bbox 749 797 874 851; x_wconf 78' lang='lat' dir='ltr'><strong>nigris</strong></span> <span class='ocrx_word' id='word_1_77' title='bbox 892 795 1094 846; x_wconf 83' lang='lat' dir='ltr'><strong>imbuunt,</strong></span> <span class='ocrx_word' id='word_1_78' title='bbox 1130 807 1169 835; x_wconf 84' lang='lat' dir='ltr'><strong>et</strong></span> <span class='ocrx_word' id='word_1_79' title='bbox 1194 809 1269 849; x_wconf 88' lang='lat' dir='ltr'><strong>pro</strong></span> <span class='ocrx_word' id='word_1_80' title='bbox 1287 794 1496 836; x_wconf 87' lang='lat' dir='ltr'><strong>Zibellinis</strong></span> <span class='ocrx_word' id='word_1_81' title='bbox 1524 796 1629 836; x_wconf 90' lang='lat' dir='ltr'><strong>inter</strong></span> <span class='ocrx_word' id='word_1_82' title='bbox 1653 797 1741 838; x_wconf 88' lang='lat' dir='ltr'><strong>suos</strong></span> <span class='ocrx_word' id='word_1_83' title='bbox 1757 811 1852 839; x_wconf 87' lang='lat' dir='ltr'><strong>ven-</strong></span> 
     </span>
     <span class='ocr_line' id='line_1_11' title="bbox 320 849 1854 909; baseline -0.002 -11"><span class='ocrx_word' id='word_1_84' title='bbox 320 857 433 903; x_wconf 83' lang='lat' dir='ltr'><strong>dunt,</strong></span> <span class='ocrx_word' id='word_1_85' title='bbox 462 867 560 909; x_wconf 81' lang='lat' dir='ltr'><strong>quas</strong></span> <span class='ocrx_word' id='word_1_86' title='bbox 588 853 637 893; x_wconf 77' lang='lat' dir='ltr'><strong>lic</strong></span> <span class='ocrx_word' id='word_1_87' title='bbox 664 854 848 907; x_wconf 83' lang='lat' dir='ltr'><strong>apprime</strong></span> <span class='ocrx_word' id='word_1_88' title='bbox 874 849 1066 892; x_wconf 88' lang='lat' dir='ltr'><strong>referunt.</strong></span> <span class='ocrx_word' id='word_1_89' title='bbox 1126 851 1244 892; x_wconf 87' lang='lat' dir='ltr'><strong>Pretii</strong></span> <span class='ocrx_word' id='word_1_90' title='bbox 1267 865 1365 892; x_wconf 89' lang='lat' dir='ltr'><strong>vero</strong></span> <span class='ocrx_word' id='word_1_91' title='bbox 1393 852 1648 893; x_wconf 82' lang='lat' dir='ltr'><strong>mediocritas</strong></span> <span class='ocrx_word' id='word_1_92' title='bbox 1672 850 1778 903; x_wconf 85' lang='lat' dir='ltr'><strong>facit,</strong></span> <span class='ocrx_word' id='word_1_93' title='bbox 1810 866 1854 895; x_wconf 80' lang='lat' dir='ltr'><strong>ut</strong></span> 
     </span>
     <span class='ocr_line' id='line_1_12' title="bbox 320 908 1852 963; baseline -0.003 -9"><span class='ocrx_word' id='word_1_94' title='bbox 320 924 530 954; x_wconf 73' lang='lat' dir='ltr'><strong>venatores</strong></span> <span class='ocrx_word' id='word_1_95' title='bbox 561 909 638 950; x_wconf 91' lang='lat' dir='ltr'><strong>hoc</strong></span> <span class='ocrx_word' id='word_1_96' title='bbox 674 909 820 950; x_wconf 79' lang='lat' dir='ltr'><strong>animal</strong></span> <span class='ocrx_word' id='word_1_97' title='bbox 850 908 1057 963; x_wconf 70' lang='lat' dir='ltr'><strong>insigniter</strong></span> <span class='ocrx_word' id='word_1_98' title='bbox 1088 908 1315 963; x_wconf 74' lang='lat' dir='ltr'><strong>negligant,</strong></span> <span class='ocrx_word' id='word_1_99' title='bbox 1365 908 1473 950; x_wconf 90' lang='lat' dir='ltr'><strong>unde</strong></span> <span class='ocrx_word' id='word_1_100' title='bbox 1515 909 1646 950; x_wconf 85' lang='lat' dir='ltr'><strong>multo</strong></span> <span class='ocrx_word' id='word_1_101' title='bbox 1679 910 1852 961; x_wconf 83' lang='lat' dir='ltr'><strong>minore,</strong></span> 
     </span>
     <span class='ocr_line' id='line_1_13' title="bbox 318 965 1853 1025; baseline -0.002 -15"><span class='ocrx_word' id='word_1_102' title='bbox 318 983 440 1025; x_wconf 72' lang='lat' dir='ltr'><strong>quam</strong></span> <span class='ocrx_word' id='word_1_103' title='bbox 461 967 649 1022; x_wconf 76' lang='lat' dir='ltr'><strong>suppetit,</strong></span> <span class='ocrx_word' id='word_1_104' title='bbox 676 968 792 1020; x_wconf 82' lang='lat' dir='ltr'><strong>copia</strong></span> <span class='ocrx_word' id='word_1_105' title='bbox 820 966 986 1020; x_wconf 74' lang='lat' dir='ltr'><strong>capitur,</strong></span> <span class='ocrx_word' id='word_1_106' title='bbox 1016 967 1100 1006; x_wconf 85' lang='lat' dir='ltr'><strong>imo</strong></span> <span class='ocrx_word' id='word_1_107' title='bbox 1126 965 1246 1018; x_wconf 85' lang='lat' dir='ltr'><strong>pelles</strong></span> <span class='ocrx_word' id='word_1_108' title='bbox 1270 978 1483 1020; x_wconf 78' lang='lat' dir='ltr'><strong>captorum</strong></span> <span class='ocrx_word' id='word_1_109' title='bbox 1512 966 1626 1020; x_wconf 81' lang='lat' dir='ltr'><strong>saepe</strong></span> <span class='ocrx_word' id='word_1_110' title='bbox 1642 966 1853 1022; x_wconf 82' lang='lat' dir='ltr'><strong>negligun-</strong></span> 
     </span>
     <span class='ocr_line' id='line_1_14' title="bbox 318 1022 1850 1079; baseline -0.003 -11"><span class='ocrx_word' id='word_1_111' title='bbox 318 1041 395 1077; x_wconf 87' lang='lat' dir='ltr'><strong>tur,</strong></span> <span class='ocrx_word' id='word_1_112' title='bbox 441 1038 480 1066; x_wconf 88' lang='lat' dir='ltr'><strong>et</strong></span> <span class='ocrx_word' id='word_1_113' title='bbox 505 1037 635 1079; x_wconf 85' lang='lat' dir='ltr'><strong>quum</strong></span> <span class='ocrx_word' id='word_1_114' title='bbox 659 1023 803 1064; x_wconf 74' lang='lat' dir='ltr'><strong>animal</strong></span> <span class='ocrx_word' id='word_1_115' title='bbox 828 1026 974 1076; x_wconf 82' lang='lat' dir='ltr'><strong>(aeque</strong></span> <span class='ocrx_word' id='word_1_116' title='bbox 1000 1036 1045 1063; x_wconf 80' lang='lat' dir='ltr'><strong>ac</strong></span> <span class='ocrx_word' id='word_1_117' title='bbox 1061 1022 1304 1063; x_wconf 88' lang='lat' dir='ltr'><strong>Ermineum</strong></span> <span class='ocrx_word' id='word_1_118' title='bbox 1329 1035 1368 1063; x_wconf 90' lang='lat' dir='ltr'><strong>et</strong></span> <span class='ocrx_word' id='word_1_119' title='bbox 1383 1022 1580 1075; x_wconf 79' lang='lat' dir='ltr'><strong>Mustela)</strong></span> <span class='ocrx_word' id='word_1_120' title='bbox 1607 1023 1650 1064; x_wconf 88' lang='lat' dir='ltr'><strong>in</strong></span> <span class='ocrx_word' id='word_1_121' title='bbox 1675 1023 1850 1078; x_wconf 90' lang='lat' dir='ltr'><strong>putredi-</strong></span> 
     </span>
     <span class='ocr_line' id='line_1_15' title="bbox 319 1079 1850 1136; baseline -0.003 -9"><span class='ocrx_word' id='word_1_122' title='bbox 319 1098 415 1127; x_wconf 71' lang='lat' dir='ltr'><strong>nem</strong></span> <span class='ocrx_word' id='word_1_123' title='bbox 433 1082 548 1123; x_wconf 80' lang='lat' dir='ltr'><strong>valde</strong></span> <span class='ocrx_word' id='word_1_124' title='bbox 566 1081 746 1136; x_wconf 85' lang='lat' dir='ltr'><strong>proclive</strong></span> <span class='ocrx_word' id='word_1_125' title='bbox 764 1080 831 1127; x_wconf 84' lang='lat' dir='ltr'><strong>est,</strong></span> <span class='ocrx_word' id='word_1_126' title='bbox 848 1079 1117 1120; x_wconf 84' lang='lat' dir='ltr'><strong>defluentibus</strong></span> <span class='ocrx_word' id='word_1_127' title='bbox 1133 1079 1238 1120; x_wconf 82' lang='lat' dir='ltr'><strong>circa</strong></span> <span class='ocrx_word' id='word_1_128' title='bbox 1257 1079 1393 1120; x_wconf 86' lang='lat' dir='ltr'><strong>alvum</strong></span> <span class='ocrx_word' id='word_1_129' title='bbox 1410 1080 1500 1134; x_wconf 88' lang='lat' dir='ltr'><strong>pilis</strong></span> <span class='ocrx_word' id='word_1_130' title='bbox 1520 1079 1564 1121; x_wconf 88' lang='lat' dir='ltr'><strong>fit</strong></span> <span class='ocrx_word' id='word_1_131' title='bbox 1580 1080 1730 1134; x_wconf 89' lang='lat' dir='ltr'><strong>inutile.</strong></span> <span class='ocrx_word' id='word_1_132' title='bbox 1781 1080 1850 1123; x_wconf 84' lang='lat' dir='ltr'><strong>Ad</strong></span> 
     </span>
     <span class='ocr_line' id='line_1_16' title="bbox 316 1133 1850 1196; baseline -0.003 -14"><span class='ocrx_word' id='word_1_133' title='bbox 316 1141 518 1196; x_wconf 77' lang='lat' dir='ltr'><strong>‚Jeniseam</strong></span> <span class='ocrx_word' id='word_1_134' title='bbox 547 1138 658 1179; x_wconf 80' lang='lat' dir='ltr'><strong>enim</strong></span> <span class='ocrx_word' id='word_1_135' title='bbox 686 1153 702 1187; x_wconf 83' lang='lat'>3</span> <span class='ocrx_word' id='word_1_136' title='bbox 730 1137 779 1178; x_wconf 87' lang='lat' dir='ltr'><strong>ad</strong></span> <span class='ocrx_word' id='word_1_137' title='bbox 807 1152 825 1184; x_wconf 65' lang='lat' dir='ltr'><strong>v5</strong></span> <span class='ocrx_word' id='word_1_138' title='bbox 854 1136 1013 1178; x_wconf 81' lang='lat' dir='ltr'><strong>hastulis</strong></span> <span class='ocrx_word' id='word_1_139' title='bbox 1042 1149 1198 1177; x_wconf 85' lang='lat' dir='ltr'><strong>tantum</strong></span> <span class='ocrx_word' id='word_1_140' title='bbox 1223 1136 1406 1178; x_wconf 86' lang='lat' dir='ltr'><strong>constant</strong></span> <span class='ocrx_word' id='word_1_141' title='bbox 1426 1133 1619 1191; x_wconf 76' lang='lat' dir='ltr'><strong>singulae,</strong></span> <span class='ocrx_word' id='word_1_142' title='bbox 1645 1137 1850 1179; x_wconf 78' lang='lat' dir='ltr'><strong>Chinenfi-</strong></span> 
     </span>
     <span class='ocr_line' id='line_1_17' title="bbox 318 1192 1418 1249; baseline -0.009 -9"><span class='ocrx_word' id='word_1_143' title='bbox 318 1199 392 1240; x_wconf 80' lang='lat' dir='ltr'><strong>bus</strong></span> <span class='ocrx_word' id='word_1_144' title='bbox 413 1213 431 1236; x_wconf 80' lang='lat'><strong>2</strong></span> <span class='ocrx_word' id='word_1_145' title='bbox 447 1214 477 1246; x_wconf 62' lang='lat' dir='ltr'><strong>z,</strong></span> <span class='ocrx_word' id='word_1_146' title='bbox 510 1195 572 1235; x_wconf 76' lang='lat' dir='ltr'><strong>vel</strong></span> <span class='ocrx_word' id='word_1_147' title='bbox 592 1207 732 1249; x_wconf 71' lang='lat' dir='ltr'><strong>quarta</strong></span> <span class='ocrx_word' id='word_1_148' title='bbox 748 1193 944 1235; x_wconf 85' lang='lat' dir='ltr'><strong>Rublonis</strong></span> <span class='ocrx_word' id='word_1_149' title='bbox 961 1206 1075 1248; x_wconf 74' lang='lat' dir='ltr'><strong>parte</strong></span> <span class='ocrx_word' id='word_1_150' title='bbox 1095 1193 1263 1236; x_wconf 84' lang='lat' dir='ltr'><strong>revendi</strong></span> <span class='ocrx_word' id='word_1_151' title='bbox 1284 1192 1418 1234; x_wconf 86' lang='lat' dir='ltr'><strong>solent.</strong></span> 
     </span>
    </p>

    <p class='ocr_par' dir='ltr' id='par_1_3' title="bbox 305 1248 1846 2210">
     <span class='ocr_line' id='line_1_18' title="bbox 429 1248 1846 1306; baseline -0.001 -12"><span class='ocrx_word' id='word_1_152' title='bbox 429 1252 625 1294; x_wconf 61' lang='lat' dir='ltr'><strong>Elefitrica</strong></span> <span class='ocrx_word' id='word_1_153' title='bbox 653 1252 778 1292; x_wconf 85' lang='lat' dir='ltr'><strong>virtus</strong></span> <span class='ocrx_word' id='word_1_154' title='bbox 802 1249 959 1292; x_wconf 88' lang='lat' dir='ltr'><strong>velleris</strong></span> <span class='ocrx_word' id='word_1_155' title='bbox 984 1252 1025 1291; x_wconf 87' lang='lat' dir='ltr'><strong>in</strong></span> <span class='ocrx_word' id='word_1_156' title='bbox 1053 1249 1243 1292; x_wconf 87' lang='lat' dir='ltr'><strong>omnibus</strong></span> <span class='ocrx_word' id='word_1_157' title='bbox 1268 1249 1436 1305; x_wconf 86' lang='lat' dir='ltr'><strong>quidem</strong></span> <span class='ocrx_word' id='word_1_158' title='bbox 1461 1248 1668 1290; x_wconf 85' lang='lat' dir='ltr'><strong>Mustelini</strong></span> <span class='ocrx_word' id='word_1_159' title='bbox 1687 1252 1846 1306; x_wconf 79' lang='lat' dir='ltr'><strong>generis</strong></span> 
     </span>
     <span class='ocr_line' id='line_1_19' title="bbox 314 1306 1846 1361; baseline -0.003 -8"><span class='ocrx_word' id='word_1_160' title='bbox 314 1310 553 1354; x_wconf 73' lang='lat' dir='ltr'><strong>animalibus</strong></span> <span class='ocrx_word' id='word_1_161' title='bbox 571 1309 803 1349; x_wconf 80' lang='lat' dir='ltr'><strong>observatur</strong></span> <span class='ocrx_word' id='word_1_162' title='bbox 819 1307 994 1361; x_wconf 69' lang='lat' dir='ltr'><strong>insignis,</strong></span> <span class='ocrx_word' id='word_1_163' title='bbox 1020 1308 1062 1348; x_wconf 90' lang='lat' dir='ltr'><strong>in</strong></span> <span class='ocrx_word' id='word_1_164' title='bbox 1080 1306 1252 1347; x_wconf 75' lang='lat' dir='ltr'><strong>Mustela</strong></span> <span class='ocrx_word' id='word_1_165' title='bbox 1270 1307 1420 1347; x_wconf 75' lang='lat' dir='ltr'><strong>sibiriea</strong></span> <span class='ocrx_word' id='word_1_166' title='bbox 1438 1318 1477 1347; x_wconf 90' lang='lat' dir='ltr'><strong>et</strong></span> <span class='ocrx_word' id='word_1_167' title='bbox 1494 1306 1690 1348; x_wconf 85' lang='lat' dir='ltr'><strong>Ermineo</strong></span> <span class='ocrx_word' id='word_1_168' title='bbox 1709 1320 1846 1349; x_wconf 80' lang='lat' dir='ltr'><strong>tamen</strong></span> 
     </span>
     <span class='ocr_line' id='line_1_20' title="bbox 314 1360 1845 1423; baseline -0.003 -13"><span class='ocrx_word' id='word_1_169' title='bbox 314 1368 530 1423; x_wconf 80' lang='lat' dir='ltr'><strong>praecipue</strong></span> <span class='ocrx_word' id='word_1_170' title='bbox 554 1367 716 1407; x_wconf 88' lang='lat' dir='ltr'><strong>eminet.</strong></span> <span class='ocrx_word' id='word_1_171' title='bbox 777 1365 877 1406; x_wconf 89' lang='lat' dir='ltr'><strong>Non</strong></span> <span class='ocrx_word' id='word_1_172' title='bbox 900 1364 1028 1405; x_wconf 90' lang='lat' dir='ltr'><strong>solum</strong></span> <span class='ocrx_word' id='word_1_173' title='bbox 1050 1365 1161 1405; x_wconf 83' lang='lat' dir='ltr'><strong>enim</strong></span> <span class='ocrx_word' id='word_1_174' title='bbox 1182 1361 1373 1404; x_wconf 59' lang='lat' dir='ltr'><strong>calefaffta</strong></span> <span class='ocrx_word' id='word_1_175' title='bbox 1399 1362 1524 1417; x_wconf 88' lang='lat' dir='ltr'><strong>pellis,</strong></span> <span class='ocrx_word' id='word_1_176' title='bbox 1556 1362 1582 1403; x_wconf 82' lang='lat' dir='ltr'><strong>si</strong></span> <span class='ocrx_word' id='word_1_177' title='bbox 1602 1360 1749 1418; x_wconf 85' lang='lat' dir='ltr'><strong>frigida</strong></span> <span class='ocrx_word' id='word_1_178' title='bbox 1765 1376 1845 1405; x_wconf 90' lang='lat' dir='ltr'><strong>tan-</strong></span> 
     </span>
     <span class='ocr_line' id='line_1_21' title="bbox 315 1419 1844 1478; baseline -0.003 -11"><span class='ocrx_word' id='word_1_179' title='bbox 315 1438 403 1467; x_wconf 76' lang='lat' dir='ltr'><strong>tun-1</strong></span> <span class='ocrx_word' id='word_1_180' title='bbox 424 1425 602 1478; x_wconf 76' lang='lat' dir='ltr'><strong>siccaque</strong></span> <span class='ocrx_word' id='word_1_181' title='bbox 620 1436 745 1463; x_wconf 82' lang='lat' dir='ltr'><strong>manu</strong></span> <span class='ocrx_word' id='word_1_182' title='bbox 764 1421 1052 1469; x_wconf 71' lang='lat' dir='ltr'><strong>demulceatur,</strong></span> <span class='ocrx_word' id='word_1_183' title='bbox 1080 1421 1260 1461; x_wconf 86' lang='lat' dir='ltr'><strong>recurvis</strong></span> <span class='ocrx_word' id='word_1_184' title='bbox 1277 1420 1365 1475; x_wconf 91' lang='lat' dir='ltr'><strong>pilis</strong></span> <span class='ocrx_word' id='word_1_185' title='bbox 1383 1421 1526 1460; x_wconf 81' lang='lat' dir='ltr'><strong>acriter</strong></span> <span class='ocrx_word' id='word_1_186' title='bbox 1544 1419 1717 1475; x_wconf 78' lang='lat' dir='ltr'><strong>assurgit,</strong></span> <span class='ocrx_word' id='word_1_187' title='bbox 1746 1420 1844 1476; x_wconf 80' lang='lat' dir='ltr'><strong>digi—</strong></span> 
     </span>
     <span class='ocr_line' id='line_1_22' title="bbox 312 1476 1843 1537; baseline -0.003 -14"><span class='ocrx_word' id='word_1_188' title='bbox 312 1484 444 1537; x_wconf 81' lang='lat' dir='ltr'><strong>tisque</strong></span> <span class='ocrx_word' id='word_1_189' title='bbox 468 1480 661 1536; x_wconf 79' lang='lat' dir='ltr'><strong>applicata</strong></span> <span class='ocrx_word' id='word_1_190' title='bbox 691 1480 912 1533; x_wconf 81' lang='lat' dir='ltr'><strong>crepitante</strong></span> <span class='ocrx_word' id='word_1_191' title='bbox 934 1478 1191 1532; x_wconf 83' lang='lat' dir='ltr'><strong>impreffione</strong></span> <span class='ocrx_word' id='word_1_192' title='bbox 1214 1477 1466 1531; x_wconf 80' lang='lat' dir='ltr'><strong>persentitur,</strong></span> <span class='ocrx_word' id='word_1_193' title='bbox 1507 1476 1573 1517; x_wconf 88' lang='lat' dir='ltr'><strong>sed</strong></span> <span class='ocrx_word' id='word_1_194' title='bbox 1598 1477 1641 1517; x_wconf 89' lang='lat' dir='ltr'><strong>in</strong></span> <span class='ocrx_word' id='word_1_195' title='bbox 1667 1477 1843 1519; x_wconf 86' lang='lat' dir='ltr'><strong>tenebris</strong></span> 
     </span>
     <span class='ocr_line' id='line_1_23' title="bbox 312 1533 1842 1595; baseline -0.003 -15"><span class='ocrx_word' id='word_1_196' title='bbox 312 1552 477 1595; x_wconf 85' lang='lat' dir='ltr'><strong>quoque</strong></span> <span class='ocrx_word' id='word_1_197' title='bbox 503 1537 706 1591; x_wconf 81' lang='lat' dir='ltr'><strong>copiosa-m</strong></span> <span class='ocrx_word' id='word_1_198' title='bbox 728 1535 866 1576; x_wconf 83' lang='lat' dir='ltr'><strong>lucem</strong></span> <span class='ocrx_word' id='word_1_199' title='bbox 893 1534 1101 1575; x_wconf 82' lang='lat' dir='ltr'><strong>scintillant</strong></span> <span class='ocrx_word' id='word_1_200' title='bbox 1129 1547 1167 1575; x_wconf 88' lang='lat' dir='ltr'><strong>et</strong></span> <span class='ocrx_word' id='word_1_201' title='bbox 1189 1533 1361 1588; x_wconf 78' lang='lat' dir='ltr'><strong>globulis</strong></span> <span class='ocrx_word' id='word_1_202' title='bbox 1384 1533 1533 1574; x_wconf 87' lang='lat' dir='ltr'><strong>suberis</strong></span> <span class='ocrx_word' id='word_1_203' title='bbox 1557 1534 1642 1574; x_wconf 89' lang='lat' dir='ltr'><strong>vim</strong></span> <span class='ocrx_word' id='word_1_204' title='bbox 1669 1533 1842 1589; x_wconf 79' lang='lat' dir='ltr'><strong>largiun-</strong></span> 
     </span>
     <span class='ocr_line' id='line_1_24' title="bbox 310 1590 1842 1647; baseline -0.003 -10"><span class='ocrx_word' id='word_1_205' title='bbox 310 1609 386 1637; x_wconf 86' lang='lat' dir='ltr'><strong>tur.</strong></span> <span class='ocrx_word' id='word_1_206' title='bbox 442 1594 551 1635; x_wconf 80' lang='lat' dir='ltr'><strong>ldem</strong></span> <span class='ocrx_word' id='word_1_207' title='bbox 571 1593 699 1647; x_wconf 78' lang='lat' dir='ltr'><strong>mag-is</strong></span> <span class='ocrx_word' id='word_1_208' title='bbox 717 1593 904 1632; x_wconf 87' lang='lat' dir='ltr'><strong>minusve</strong></span> <span class='ocrx_word' id='word_1_209' title='bbox 920 1591 1096 1645; x_wconf 76' lang='lat' dir='ltr'><strong>hyemali</strong></span> <span class='ocrx_word' id='word_1_210' title='bbox 1114 1603 1300 1644; x_wconf 84' lang='lat' dir='ltr'><strong>tempore</strong></span> <span class='ocrx_word' id='word_1_211' title='bbox 1317 1592 1357 1632; x_wconf 90' lang='lat' dir='ltr'><strong>in</strong></span> <span class='ocrx_word' id='word_1_212' title='bbox 1368 1590 1636 1631; x_wconf 87' lang='lat' dir='ltr'><strong>Mustelarum</strong></span> <span class='ocrx_word' id='word_1_213' title='bbox 1654 1592 1842 1633; x_wconf 85' lang='lat' dir='ltr'><strong>omnium</strong></span> 
     </span>
     <span class='ocr_line' id='line_1_25' title="bbox 313 1646 1839 1705; baseline -0.003 -11"><span class='ocrx_word' id='word_1_214' title='bbox 313 1653 420 1694; x_wconf 79' lang='lat' dir='ltr'><strong>siccis</strong></span> <span class='ocrx_word' id='word_1_215' title='bbox 446 1650 627 1705; x_wconf 84' lang='lat' dir='ltr'><strong>pellibus,</strong></span> <span class='ocrx_word' id='word_1_216' title='bbox 666 1650 707 1690; x_wconf 86' lang='lat' dir='ltr'><strong>in</strong></span> <span class='ocrx_word' id='word_1_217' title='bbox 726 1647 956 1703; x_wconf 88' lang='lat' dir='ltr'><strong>Leporibus</strong></span> <span class='ocrx_word' id='word_1_218' title='bbox 984 1649 1113 1697; x_wconf 84' lang='lat' dir='ltr'><strong>variis,</strong></span> <span class='ocrx_word' id='word_1_219' title='bbox 1143 1648 1294 1688; x_wconf 88' lang='lat' dir='ltr'><strong>Sciuris</strong></span> <span class='ocrx_word' id='word_1_220' title='bbox 1326 1646 1533 1701; x_wconf 84' lang='lat' dir='ltr'><strong>hybernis,</strong></span> <span class='ocrx_word' id='word_1_221' title='bbox 1566 1647 1839 1703; x_wconf 66' lang='lat' dir='ltr'><strong>similibusque</strong></span> 
     </span>
     <span class='ocr_line' id='line_1_26' title="bbox 313 1703 1839 1761; baseline -0.003 -11"><span class='ocrx_word' id='word_1_222' title='bbox 313 1709 423 1751; x_wconf 86' lang='lat' dir='ltr'><strong>molli</strong></span> <span class='ocrx_word' id='word_1_223' title='bbox 449 1708 529 1761; x_wconf 87' lang='lat' dir='ltr'><strong>pilo</strong></span> <span class='ocrx_word' id='word_1_224' title='bbox 555 1704 755 1753; x_wconf 63' lang='lat' dir='ltr'><strong>instruEfis</strong></span> <span class='ocrx_word' id='word_1_225' title='bbox 782 1704 1025 1746; x_wconf 73' lang='lat' dir='ltr'><strong>observatur.</strong></span> <span class='ocrx_word' id='word_1_226' title='bbox 1084 1703 1267 1744; x_wconf 80' lang='lat' dir='ltr'><strong>Humani</strong></span> <span class='ocrx_word' id='word_1_227' title='bbox 1291 1705 1425 1755; x_wconf 77' lang='lat' dir='ltr'><strong>etiam,</strong></span> <span class='ocrx_word' id='word_1_228' title='bbox 1458 1703 1689 1758; x_wconf 76' lang='lat' dir='ltr'><strong>praesertim</strong></span> <span class='ocrx_word' id='word_1_229' title='bbox 1713 1705 1839 1746; x_wconf 86' lang='lat' dir='ltr'><strong>infan-</strong></span> 
     </span>
     <span class='ocr_line' id='line_1_27' title="bbox 312 1759 1837 1818; baseline -0.004 -10"><span class='ocrx_word' id='word_1_230' title='bbox 312 1780 398 1808; x_wconf 83' lang='lat' dir='ltr'><strong>tum</strong></span> <span class='ocrx_word' id='word_1_231' title='bbox 424 1763 565 1818; x_wconf 81' lang='lat' dir='ltr'><strong>capilli,</strong></span> <span class='ocrx_word' id='word_1_232' title='bbox 605 1762 631 1801; x_wconf 80' lang='lat' dir='ltr'>fi</span> <span class='ocrx_word' id='word_1_233' title='bbox 657 1762 762 1802; x_wconf 83' lang='lat' dir='ltr'><strong>nulla</strong></span> <span class='ocrx_word' id='word_1_234' title='bbox 790 1761 1039 1816; x_wconf 78' lang='lat' dir='ltr'><strong>pinguedine</strong></span> <span class='ocrx_word' id='word_1_235' title='bbox 1067 1761 1263 1815; x_wconf 83' lang='lat' dir='ltr'><strong>inquinati</strong></span> <span class='ocrx_word' id='word_1_236' title='bbox 1289 1761 1389 1811; x_wconf 88' lang='lat' dir='ltr'><strong>sunt,</strong></span> <span class='ocrx_word' id='word_1_237' title='bbox 1435 1759 1586 1814; x_wconf 89' lang='lat' dir='ltr'><strong>hyeme</strong></span> <span class='ocrx_word' id='word_1_238' title='bbox 1609 1761 1649 1801; x_wconf 94' lang='lat' dir='ltr'><strong>in</strong></span> <span class='ocrx_word' id='word_1_239' title='bbox 1677 1761 1837 1803; x_wconf 81' lang='lat' dir='ltr'><strong>climate</strong></span> 
     </span>
     <span class='ocr_line' id='line_1_28' title="bbox 311 1816 1837 1874; baseline -0.003 -11"><span class='ocrx_word' id='word_1_240' title='bbox 311 1823 389 1864; x_wconf 88' lang='lat' dir='ltr'><strong>hoc</strong></span> <span class='ocrx_word' id='word_1_241' title='bbox 407 1820 557 1861; x_wconf 82' lang='lat' dir='ltr'><strong>boreali</strong></span> <span class='ocrx_word' id='word_1_242' title='bbox 575 1817 775 1874; x_wconf 61' lang='lat' dir='ltr'><strong>peffoendo</strong></span> <span class='ocrx_word' id='word_1_243' title='bbox 787 1818 887 1858; x_wconf 87' lang='lat' dir='ltr'><strong>adeo</strong></span> <span class='ocrx_word' id='word_1_244' title='bbox 907 1817 1130 1871; x_wconf 80' lang='lat' dir='ltr'><strong>ignescunt,</strong></span> <span class='ocrx_word' id='word_1_245' title='bbox 1161 1829 1204 1857; x_wconf 91' lang='lat' dir='ltr'><strong>ut</strong></span> <span class='ocrx_word' id='word_1_246' title='bbox 1221 1830 1294 1870; x_wconf 88' lang='lat' dir='ltr'><strong>per</strong></span> <span class='ocrx_word' id='word_1_247' title='bbox 1312 1816 1482 1871; x_wconf 59' lang='lat' dir='ltr'><strong>pefififfls</strong></span> <span class='ocrx_word' id='word_1_248' title='bbox 1497 1817 1701 1858; x_wconf 85' lang='lat' dir='ltr'><strong>intervalla</strong></span> <span class='ocrx_word' id='word_1_249' title='bbox 1716 1831 1837 1873; x_wconf 82' lang='lat' dir='ltr'><strong>aegre</strong></span> 
     </span>
     <span class='ocr_line' id='line_1_29' title="bbox 312 1872 1836 1928; baseline -0.003 -9"><span class='ocrx_word' id='word_1_250' title='bbox 312 1878 508 1921; x_wconf 77' lang='lat' dir='ltr'><strong>transeant</strong></span> <span class='ocrx_word' id='word_1_251' title='bbox 535 1888 572 1916; x_wconf 87' lang='lat' dir='ltr'><strong>et</strong></span> <span class='ocrx_word' id='word_1_252' title='bbox 597 1876 716 1915; x_wconf 78' lang='lat' dir='ltr'><strong>instar</strong></span> <span class='ocrx_word' id='word_1_253' title='bbox 743 1875 837 1928; x_wconf 92' lang='lat' dir='ltr'><strong>peni</strong></span> <span class='ocrx_word' id='word_1_254' title='bbox 860 1874 939 1915; x_wconf 90' lang='lat' dir='ltr'><strong>cilli</strong></span> <span class='ocrx_word' id='word_1_255' title='bbox 966 1873 1143 1914; x_wconf 62' lang='lat' dir='ltr'><strong>elefi&#39;trici</strong></span> <span class='ocrx_word' id='word_1_256' title='bbox 1159 1888 1179 1914; x_wconf 87' lang='lat' dir='ltr'><strong>a</strong></span> <span class='ocrx_word' id='word_1_257' title='bbox 1198 1874 1327 1927; x_wconf 86' lang='lat' dir='ltr'><strong>capite</strong></span> <span class='ocrx_word' id='word_1_258' title='bbox 1344 1873 1494 1913; x_wconf 89' lang='lat' dir='ltr'><strong>radiose</strong></span> <span class='ocrx_word' id='word_1_259' title='bbox 1511 1872 1737 1927; x_wconf 83' lang='lat' dir='ltr'><strong>divergant,</strong></span> <span class='ocrx_word' id='word_1_260' title='bbox 1768 1875 1836 1915; x_wconf 83' lang='lat' dir='ltr'><strong>do·</strong></span> 
     </span>
     <span class='ocr_line' id='line_1_30' title="bbox 311 1928 1835 1983; baseline -0.003 -7"><span class='ocrx_word' id='word_1_261' title='bbox 311 1949 387 1977; x_wconf 87' lang='lat' dir='ltr'><strong>nec</strong></span> <span class='ocrx_word' id='word_1_262' title='bbox 402 1934 530 1975; x_wconf 79' lang='lat' dir='ltr'><strong>alieno</strong></span> <span class='ocrx_word' id='word_1_263' title='bbox 548 1931 707 1972; x_wconf 64' lang='lat' dir='ltr'><strong>adtaEtu</strong></span> <span class='ocrx_word' id='word_1_264' title='bbox 726 1931 874 1971; x_wconf 84' lang='lat' dir='ltr'><strong>virtute</strong></span> <span class='ocrx_word' id='word_1_265' title='bbox 894 1930 1156 1971; x_wconf 78' lang='lat' dir='ltr'><strong>exsolvantur.</strong></span> <span class='ocrx_word' id='word_1_266' title='bbox 1216 1930 1348 1970; x_wconf 86' lang='lat' dir='ltr'><strong>Immo</strong></span> <span class='ocrx_word' id='word_1_267' title='bbox 1365 1928 1447 1971; x_wconf 87' lang='lat' dir='ltr'><strong>vidi</strong></span> <span class='ocrx_word' id='word_1_268' title='bbox 1465 1928 1693 1983; x_wconf 87' lang='lat' dir='ltr'><strong>Principem</strong></span> <span class='ocrx_word' id='word_1_269' title='bbox 1710 1931 1752 1970; x_wconf 89' lang='lat' dir='ltr'><strong>in</strong></span> <span class='ocrx_word' id='word_1_270' title='bbox 1774 1930 1835 1971; x_wconf 85' lang='lat' dir='ltr'><strong>his</strong></span> 
     </span>
     <span class='ocr_line' id='line_1_31' title="bbox 308 1985 1835 2042; baseline -0.004 -9"><span class='ocrx_word' id='word_1_271' title='bbox 308 1992 422 2034; x_wconf 84' lang='lat' dir='ltr'><strong>terris</strong></span> <span class='ocrx_word' id='word_1_272' title='bbox 447 1991 595 2038; x_wconf 88' lang='lat' dir='ltr'><strong>virum,</strong></span> <span class='ocrx_word' id='word_1_273' title='bbox 630 1988 700 2042; x_wconf 86' lang='lat' dir='ltr'><strong>qui</strong></span> <span class='ocrx_word' id='word_1_274' title='bbox 726 1986 1029 2040; x_wconf 75' lang='lat' dir='ltr'><strong>hyemalifieco</strong></span> <span class='ocrx_word' id='word_1_275' title='bbox 1053 1991 1157 2035; x_wconf 75' lang='lat' dir='ltr'><strong>aere,</strong></span> <span class='ocrx_word' id='word_1_276' title='bbox 1195 1999 1270 2039; x_wconf 85' lang='lat' dir='ltr'><strong>per</strong></span> <span class='ocrx_word' id='word_1_277' title='bbox 1293 1986 1382 2026; x_wconf 87' lang='lat' dir='ltr'><strong>trita</strong></span> <span class='ocrx_word' id='word_1_278' title='bbox 1408 1999 1531 2025; x_wconf 86' lang='lat' dir='ltr'><strong>manu</strong></span> <span class='ocrx_word' id='word_1_279' title='bbox 1559 1985 1835 2028; x_wconf 79' lang='lat' dir='ltr'><strong>aulaea·se1-iea</strong></span> 
     </span>
     <span class='ocr_line' id='line_1_32' title="bbox 305 2041 1832 2097; baseline -0.005 -6"><span class='ocrx_word' id='word_1_280' title='bbox 305 2061 457 2091; x_wconf 73' lang='lat' dir='ltr'><strong>tantam</strong></span> <span class='ocrx_word' id='word_1_281' title='bbox 484 2044 695 2086; x_wconf 59' lang='lat' dir='ltr'><strong>cletiricae</strong></span> <span class='ocrx_word' id='word_1_282' title='bbox 725 2044 919 2084; x_wconf 85' lang='lat' dir='ltr'><strong>materiae</strong></span> <span class='ocrx_word' id='word_1_283' title='bbox 946 2043 1106 2097; x_wconf 79' lang='lat' dir='ltr'><strong>copiam</strong></span> <span class='ocrx_word' id='word_1_284' title='bbox 1131 2043 1303 2096; x_wconf 84' lang='lat' dir='ltr'><strong>(quippe</strong></span> <span class='ocrx_word' id='word_1_285' title='bbox 1336 2041 1534 2082; x_wconf 81' lang='lat' dir='ltr'><strong>tibialibus</strong></span> <span class='ocrx_word' id='word_1_286' title='bbox 1559 2042 1690 2083; x_wconf 86' lang='lat' dir='ltr'><strong>sericis</strong></span> <span class='ocrx_word' id='word_1_287' title='bbox 1708 2056 1729 2082; x_wconf 90' lang='lat' dir='ltr'><strong>a</strong></span> <span class='ocrx_word' id='word_1_288' title='bbox 1751 2042 1832 2084; x_wconf 84' lang='lat' dir='ltr'><strong>solo</strong></span> 
     </span>
     <span class='ocr_line' id='line_1_33' title="bbox 306 2098 1832 2159; baseline -0.005 -12"><span class='ocrx_word' id='word_1_289' title='bbox 306 2103 527 2159; x_wconf 73' lang='lat' dir='ltr'><strong>aliqualiter</strong></span> <span class='ocrx_word' id='word_1_290' title='bbox 544 2102 794 2155; x_wconf 66' lang='lat' dir='ltr'><strong>segregatus)</strong></span> <span class='ocrx_word' id='word_1_291' title='bbox 813 2099 977 2154; x_wconf 77' lang='lat' dir='ltr'><strong>colligit,</strong></span> <span class='ocrx_word' id='word_1_292' title='bbox 1008 2112 1051 2139; x_wconf 87' lang='lat' dir='ltr'><strong>ut</strong></span> <span class='ocrx_word' id='word_1_293' title='bbox 1067 2113 1088 2139; x_wconf 90' lang='lat' dir='ltr'><strong>e</strong></span> <span class='ocrx_word' id='word_1_294' title='bbox 1106 2098 1281 2138; x_wconf 80' lang='lat' dir='ltr'><strong>vestibus</strong></span> <span class='ocrx_word' id='word_1_295' title='bbox 1297 2110 1464 2152; x_wconf 89' lang='lat' dir='ltr'><strong>totoque</strong></span> <span class='ocrx_word' id='word_1_296' title='bbox 1483 2111 1656 2152; x_wconf 85' lang='lat' dir='ltr'><strong>corpore</strong></span> <span class='ocrx_word' id='word_1_297' title='bbox 1673 2098 1723 2139; x_wconf 84' lang='lat' dir='ltr'><strong>ad</strong></span> <span class='ocrx_word' id='word_1_298' title='bbox 1744 2098 1832 2140; x_wconf 86' lang='lat' dir='ltr'><strong>alie-</strong></span> 
     </span>
     <span class='ocr_line' id='line_1_34' title="bbox 306 2153 1831 2210; baseline -0.005 -6"><span class='ocrx_word' id='word_1_299' title='bbox 306 2175 408 2204; x_wconf 83' lang='lat' dir='ltr'><strong>num</strong></span> <span class='ocrx_word' id='word_1_300' title='bbox 434 2158 585 2200; x_wconf 53' lang='lat' dir='ltr'><strong>tastum</strong></span> <span class='ocrx_word' id='word_1_301' title='bbox 607 2156 790 2197; x_wconf 78' lang='lat' dir='ltr'><strong>scintillas</strong></span> <span class='ocrx_word' id='word_1_302' title='bbox 813 2155 954 2198; x_wconf 82' lang='lat' dir='ltr'><strong>fundat</strong></span> <span class='ocrx_word' id='word_1_303' title='bbox 980 2168 1019 2197; x_wconf 87' lang='lat' dir='ltr'><strong>et</strong></span> <span class='ocrx_word' id='word_1_304' title='bbox 1039 2155 1306 2210; x_wconf 85' lang='lat' dir='ltr'><strong>crepitatione</strong></span> <span class='ocrx_word' id='word_1_305' title='bbox 1326 2153 1593 2196; x_wconf 63' lang='lat' dir='ltr'><strong>exaudiendas</strong></span> <span class='ocrx_word' id='word_1_306' title='bbox 1611 2166 1649 2196; x_wconf 88' lang='lat' dir='ltr'><strong>et</strong></span> <span class='ocrx_word' id='word_1_307' title='bbox 1665 2155 1707 2196; x_wconf 84' lang='lat' dir='ltr'><strong>in</strong></span> <span class='ocrx_word' id='word_1_308' title='bbox 1725 2167 1831 2197; x_wconf 89' lang='lat' dir='ltr'><strong>tene-</strong></span> 
     </span>
    </p>
   </div>
   <div class='ocr_carea' id='block_1_3' title="bbox 303 2215 1830 2310">
    <p class='ocr_par' dir='ltr' id='par_1_4' title="bbox 303 2215 1830 2310">
     <span class='ocr_line' id='line_1_35' title="bbox 303 2215 1774 2309; baseline -0.007 -48"><span class='ocrx_word' id='word_1_309' title='bbox 303 2220 385 2261; x_wconf 91' lang='lat' dir='ltr'><strong>bris</strong></span> <span class='ocrx_word' id='word_1_310' title='bbox 403 2215 647 2270; x_wconf 84' lang='lat' dir='ltr'><strong>conspicuas.</strong></span> <span class='ocrx_word' id='word_1_311' title='bbox 1728 2268 1774 2309; x_wconf 87' lang='lat' dir='ltr'>N</span> 
     </span>
     <span class='ocr_line' id='line_1_36' title="bbox 1775 2281 1830 2310; baseline -0.018 0"><span class='ocrx_word' id='word_1_312' title='bbox 1775 2281 1830 2310; x_wconf 91' lang='lat' dir='ltr'><strong>on</strong></span> 
     </span>
    </p>
   </div>
  </div>
 </body>
</html>
