2032 2732
624 225 806 285 Qu&
925 226 1108 283 (6)
1227 228 1410 287 ''2549ss

391 325 506 367 Color
520 324 727 372 animalis,
758 324 830 384 qui
854 325 956 367 cutis
980 323 1212 374 humanae,
1240 338 1496 375 maceratae,
1523 325 1771 385 gryseo·al-

272 383 414 430 bidus;
442 393 483 424 at
498 381 839 425 translucendum
867 381 1066 426 viscerum
1096 382 1266 426 fuluedo
1289 399 1363 441 per
1380 385 1524 428 viuum
1541 399 1610 429 aut
1632 401 1771 431 recen-

273 454 359 486 tem
376 438 652 485 Lumbricum
669 441 901 483 aurantium
918 438 1117 484 ruborem
1134 440 1367 486 diffundere
1385 443 1562 487 videtur.

791 532 1240 584 ANATOME.

387 617 436 660 In
454 631 559 676 aqua
576 616 736 662 feruida
754 616 799 660 dc
817 617 977 675 liquore
994 619 1211 660 maceratis
1233 618 1314 660 tela
1336 620 1544 675 quaedam
1562 617 1727 663 mucosa
1749 633 1774 662 a

271 686 364 719 cute
382 677 568 720 exterius
584 674 774 719 abscedit.
842 674 973 719 Secia
994 688 1088 718 cute
1115 675 1304 734 copiosus
1329 673 1460 721 effluit
1490 680 1623 737 liquor
1647 676 1772 721 turbi-

271 735 361 784 dus,
377 735 442 777 cui
461 733 650 776 intestina
661 746 784 793 atque
800 733 996 791 genitalia
1019 732 1173 776 viscera
1193 735 1392 775 innatant.
1488 743 1494 748 “

389 793 501 834 Cutis
527 807 622 834 cum
646 788 785 849 panno
810 789 1037 833 musculoso
1060 793 1193 839 unita,
1223 792 1265 832 in
1289 791 1431 833 medio
1447 808 1623 849 corpore
1642 793 1771 851 longe

272 851 436 894 tenuior
452 849 531 897 est,
561 864 687 909 quam
705 849 756 890 ad
774 861 977 891 extrema.
1046 851 1210 892 Pamzus
1234 848 1481 895 musculosus
1506 850 1630 894 fibras
1654 852 1771 892 mini·

272 923 342 952 me
363 907 572 951 distinctas
598 905 785 949 exhibet.

390 965 640 1021 Ocffbphagm
663 964 852 1005 dilatatur
875 963 917 1004 in
940 961 1142 1004 sacculum
1166 978 1469 1025 nonnunquam
1493 965 1581 1007 luto
1599 963 1771 1007 arenoso

271 1023 487 1080 repletum.
556 1021 810 1063 Ventriculus
823 1023 981 1075 primus
997 1020 1054 1062 est
1080 1021 1287 1078 ingluvies
1304 1022 1421 1072 laxa,
1451 1025 1657 1070 coriacea,
1683 1036 1772 1064 cut-

271 1077 584 1137 vato-crispula.
652 1079 906 1121 Ventriculus
933 1079 1038 1120 alter
1060 1090 1191 1127 teres,
1220 1079 1432 1130 carnosus,
1462 1082 1597 1137 laquei
1624 1080 1693 1122 vel
1717 1079 1771 1121 la-

232 1145 241 1151 “
270 1140 418 1197 ryngis
442 1137 626 1180 aviculae
650 1148 719 1178 aut
747 1135 925 1178 intestini
953 1134 1071 1193 piscis
1097 1135 1410 1181 constrictiffimi
1430 1137 1587 1188 similis,
1625 1136 1671 1179 dc
1697 1150 1771 1194 per

271 1194 608 1241 mesenteriolum
630 1195 673 1236 in
690 1191 962 1250 figmoideam
986 1191 1192 1234 flexuram
1218 1193 1470 1251 compositus
1496 1195 1564 1237 est.
1623 1196 1667 1235 ln
1684 1208 1772 1236 me-

272 1254 493 1298 senteriolo
510 1250 866 1310 longitudinaliter
885 1249 1063 1293 decurrit
1071 1250 1180 1304 stria
1196 1251 1354 1300 mollis,
1377 1267 1544 1301 crocea,
1571 1255 1683 1304 cujus
1703 1267 1774 1294 co-

275 1313 361 1356 lore
383 1309 571 1353 intestina
589 1309 732 1352 omnia
747 1305 878 1353 tincta
894 1305 1002 1350 sunt:
1035 1310 1114 1362 (an
1137 1306 1281 1366 hepati
1305 1322 1374 1352 aut
1401 1311 1615 1368 pancreati
1633 1309 1772 1354 analo·

279 1385 377 1430 gum
392 1368 577 1423 viscus?)

389 1428 621 1483 Intestinmn
641 1426 756 1469 tenui
774 1426 910 1469 canale
926 1424 1089 1483 incipit,
1106 1423 1158 1467 ad
1176 1437 1352 1489 quatuor
1366 1423 1453 1467 fere
1470 1424 1668 1482 pollicum
1683 1426 1772 1468 lon-

276 1486 508 1546 gitudinem
523 1484 746 1536 albicante,
777 1484 822 1526 ὅε
854 1497 1004 1528 arenae
1026 1481 1298 1527 subtilissimae
1319 1481 1438 1541 saepe
1460 1481 1647 1540 glebulas
1674 1499 1773 1525 con-

276 1546 450 1593 tinente,
480 1544 552 1602 qui
566 1543 731 1586 incertis
752 1542 871 1600 gyris
891 1542 998 1583 circa
1017 1541 1213 1601 genitalia
1229 1540 1381 1585 viscera
1396 1539 1538 1584 fluitat.
1598 1540 1772 1599 Excipit

276 1615 373 1645 tune
401 1603 629 1657 intestinum
664 1600 788 1656 paulo
814 1600 1024 1657 capaciuS,
1069 1597 1141 1643 ubi
1164 1597 1328 1642 inflatur
1353 1599 1513 1641 calamo
1541 1597 1772 1656 gallinaceo

275 1659 442 1718 subpar,
471 1670 647 1718 quatuor
667 1656 887 1715 spithamas
918 1656 1114 1714 longum,
1145 1657 1298 1698 luteum
1321 1656 1391 1699 vel
1409 1657 1596 1709 jejunum
1618 1670 1771 1699 vocan-

275 1718 395 1765 dum3
429 1717 600 1760 aui-antii
624 1718 737 1758 enim
759 1715 914 1757 coloris
937 1713 1016 1761 est,
1047 1713 1148 1755 striis
1175 1712 1544 1772 longitudinalibus
1570 1714 1772 1771 opaciori-

275 1775 355 1821 bus
370 1773 605 1820 distinctum
617 1805 627 1822 ,
653 1783 871 1831 totumque
889 1783 1054 1829 praeter
1069 1783 1241 1816 tenuem
1257 1770 1449 1830 aquulam
1476 1769 1772 1814 nihilomnino

278 1834 492 1876 continere
510 1830 623 1874 solet.
682 1829 784 1873 Hoc
799 1830 950 1887 pariter
976 1843 1023 1871 ac
1048 1830 1160 1886 prius
1183 1829 1461 1871 membranula
1481 1828 1772 1886 longitudinali

278 1893 321 1934 in
337 1904 487 1950 paruos
505 1887 695 1947 crispatur
721 1901 871 1944 gyros,
884 1886 928 1929 ἀ
944 1887 1151 1947 plerisque
1168 1886 1244 1930 suis
1260 1884 1542 1930 voluminibus
1558 1888 1601 1928 in
1626 1886 1772 1929 medio

279 1962 457 2008 corpore
480 1946 524 1989 ὄι
547 1943 684 1990 uersus
743 1943 936 1986 osten-jora
960 1943 1089 1986 libere
1112 1941 1294 1987 Huciuat.
1364 1942 1571 1986 Extrema
1593 1943 1772 1987 intestini

277 2006 417 2066 portio
436 2004 575 2047 denuo
598 2003 724 2059 angui
746 2002 825 2048 'or,
849 1999 1167 2058 subspithamea,
1197 2003 1419 2060 minusque
1441 2000 1609 2059 crispata
1630 2001 1772 2046 versus

277 2062 554 2108 ventriculum
569 2058 789 2106 adscendit,
806 2069 927 2117 atque
940 2059 1038 2100 inde
1055 2057 1146 2100 satis
1158 2057 1277 2102 redio
1293 2056 1425 2101 traclzu
1444 2060 1552 2101 redit
1564 2059 1617 2102 ad
1632 2074 1770 2103 anuma

279 2121 404 2166 Haec
419 2134 589 2180 quoque
605 2116 779 2160 intestini
795 2130 888 2173 pars
904 2115 1079 2174 glebulis
1095 2114 1293 2165 arenosis,
1322 2115 1368 2159 ἃ
1384 2115 1666 2160 νθῑῖυεὲιηυιῃ
1683 2119 1771 2160 luto

282 2194 342 2225 ex
357 2177 507 2224 iisdem
524 2173 720 2221 dissolutis
736 2172 984 2233 saepiuscule
998 2172 1132 2222 scatet.
1177 2175 1351 2234 (Neque
1365 2187 1531 2234 praeter
1555 2175 1664 2219 hanc
1684 2189 1771 2276 ape-

1630 2248 1687 2277 no
1705 2247 1773 2278 am
