<?xml version="1.0" encoding="UTF-8"?>
<!DOCTYPE html PUBLIC "-//W3C//DTD XHTML 1.0 Transitional//EN"
    "http://www.w3.org/TR/xhtml1/DTD/xhtml1-transitional.dtd">
<html xmlns="http://www.w3.org/1999/xhtml" xml:lang="en" lang="en">
 <head>
  <title>
</title>
<meta http-equiv="Content-Type" content="text/html;charset=utf-8" />
  <meta name='ocr-system' content='tesseract 3.04.00' />
  <meta name='ocr-capabilities' content='ocr_page ocr_carea ocr_par ocr_line ocrx_word'/>
</head>
<body>
  <div class='ocr_page' id='page_1' title='image "./spicilegiazoolog914pall_0345.png"; bbox 0 0 2032 2732; ppageno 0'>
   <div class='ocr_carea' id='block_1_1' title="bbox 287 168 1561 644">
    <p class='ocr_par' dir='ltr' id='par_1_1' title="bbox 287 168 1561 644">
     <span class='ocr_line' id='line_1_1' title="bbox 287 168 1561 644; baseline 0 2088"><span class='ocrx_word' id='word_1_1' title='bbox 287 168 1561 644; x_wconf 95' lang='lat' dir='ltr'> </span> 
     </span>
    </p>
   </div>
   <div class='ocr_carea' id='block_1_2' title="bbox 284 803 1594 989">
    <p class='ocr_par' dir='ltr' id='par_1_2' title="bbox 284 803 1594 989">
     <span class='ocr_line' id='line_1_2' title="bbox 763 803 1110 856; baseline -0.003 -2"><span class='ocrx_word' id='word_1_2' title='bbox 763 803 1110 856; x_wconf 76' lang='lat' dir='ltr'>Moscffl</span> 
     </span>
     <span class='ocr_line' id='line_1_3' title="bbox 284 912 1594 989; baseline -0.002 -1"><span class='ocrx_word' id='word_1_3' title='bbox 284 914 848 989; x_wconf 75' lang='lat' dir='ltr'>HISTORIA</span> <span class='ocrx_word' id='word_1_4' title='bbox 918 912 1594 987; x_wconf 81' lang='lat' dir='ltr'><strong>NATVRALIS·</strong></span> 
     </span>
    </p>
   </div>
   <div class='ocr_carea' id='block_1_3' title="bbox 616 1053 836 1064">
    <p class='ocr_par' dir='ltr' id='par_1_3' title="bbox 616 1053 836 1064">
     <span class='ocr_line' id='line_1_4' title="bbox 616 1053 836 1064; baseline 0 0"><span class='ocrx_word' id='word_1_5' title='bbox 616 1053 836 1064; x_wconf 95' lang='lat' dir='ltr'> </span> 
     </span>
    </p>
   </div>
   <div class='ocr_carea' id='block_1_4' title="bbox 1058 1051 1278 1064">
    <p class='ocr_par' dir='ltr' id='par_1_4' title="bbox 1058 1051 1278 1064">
     <span class='ocr_line' id='line_1_5' title="bbox 1058 1051 1278 1064; baseline 0 0"><span class='ocrx_word' id='word_1_6' title='bbox 1058 1051 1278 1064; x_wconf 95' lang='lat' dir='ltr'> </span> 
     </span>
    </p>
   </div>
   <div class='ocr_carea' id='block_1_5' title="bbox 565 1049 1331 1079">
    <p class='ocr_par' dir='ltr' id='par_1_5' title="bbox 565 1049 1331 1079">
     <span class='ocr_line' id='line_1_6' title="bbox 565 1049 1331 1079; baseline -0.001 0"><span class='ocrx_word' id='word_1_7' title='bbox 565 1049 614 1079; x_wconf 46' lang='grc' dir='ltr'>ἦ·-</span> <span class='ocrx_word' id='word_1_8' title='bbox 1285 1050 1331 1078; x_wconf 62' lang='grc' dir='ltr'>«ῖῖ-</span> 
     </span>
    </p>
   </div>
   <div class='ocr_carea' id='block_1_6' title="bbox 617 1071 835 1075">
    <p class='ocr_par' dir='ltr' id='par_1_6' title="bbox 617 1071 835 1075">
     <span class='ocr_line' id='line_1_7' title="bbox 617 1071 835 1075; baseline 0 0"><span class='ocrx_word' id='word_1_9' title='bbox 617 1071 835 1075; x_wconf 95' lang='lat' dir='ltr'> </span> 
     </span>
    </p>
   </div>
   <div class='ocr_carea' id='block_1_7' title="bbox 1058 1070 1278 1075">
    <p class='ocr_par' dir='ltr' id='par_1_7' title="bbox 1058 1070 1278 1075">
     <span class='ocr_line' id='line_1_8' title="bbox 1058 1070 1278 1075; baseline 0 0"><span class='ocrx_word' id='word_1_10' title='bbox 1058 1070 1278 1075; x_wconf 95' lang='lat' dir='ltr'> </span> 
     </span>
    </p>
   </div>
   <div class='ocr_carea' id='block_1_8' title="bbox 151 1257 1734 2279">
    <p class='ocr_par' dir='ltr' id='par_1_8' title="bbox 349 1257 1732 1313">
     <span class='ocr_line' id='line_1_9' title="bbox 349 1257 1732 1313; baseline -0.004 -13"><span class='ocrx_word' id='word_1_11' title='bbox 349 1257 603 1307; x_wconf 54' lang='lat' dir='ltr'>auctoribus,</span> <span class='ocrx_word' id='word_1_12' title='bbox 634 1270 693 1299; x_wconf 91' lang='lat' dir='ltr'>tot</span> <span class='ocrx_word' id='word_1_13' title='bbox 715 1260 908 1312; x_wconf 83' lang='lat' dir='ltr'>agitatum</span> <span class='ocrx_word' id='word_1_14' title='bbox 933 1257 1213 1313; x_wconf 84' lang='lat' dir='ltr'>opinionibus,</span> <span class='ocrx_word' id='word_1_15' title='bbox 1244 1259 1480 1312; x_wconf 87' lang='lat' dir='ltr'>nullumque</span> <span class='ocrx_word' id='word_1_16' title='bbox 1511 1270 1664 1298; x_wconf 87' lang='lat' dir='ltr'>tantum</span> <span class='ocrx_word' id='word_1_17' title='bbox 1691 1257 1732 1296; x_wconf 87' lang='lat' dir='ltr'>in</span> 
     </span>
    </p>

    <p class='ocr_par' dir='ltr' id='par_1_9' title="bbox 151 1312 1732 1980">
     <span class='ocr_line' id='line_1_10' title="bbox 351 1312 1731 1370; baseline -0.003 -14"><span class='ocrx_word' id='word_1_18' title='bbox 351 1314 552 1356; x_wconf 84' lang='lat' dir='ltr'>Medicina</span> <span class='ocrx_word' id='word_1_19' title='bbox 571 1312 683 1355; x_wconf 89' lang='lat' dir='ltr'>usum</span> <span class='ocrx_word' id='word_1_20' title='bbox 708 1314 920 1370; x_wconf 89' lang='lat' dir='ltr'>hucusque</span> <span class='ocrx_word' id='word_1_21' title='bbox 945 1315 1159 1370; x_wconf 84' lang='lat' dir='ltr'>praestitit,</span> <span class='ocrx_word' id='word_1_22' title='bbox 1190 1328 1313 1370; x_wconf 87' lang='lat' dir='ltr'>quam</span> <span class='ocrx_word' id='word_1_23' title='bbox 1341 1315 1575 1356; x_wconf 74' lang='lat' dir='ltr'>Moscnus:</span> <span class='ocrx_word' id='word_1_24' title='bbox 1612 1313 1652 1353; x_wconf 70' lang='grc' dir='ltr'>ἃ</span> <span class='ocrx_word' id='word_1_25' title='bbox 1678 1324 1731 1352; x_wconf 87' lang='lat' dir='ltr'>ta-</span> 
     </span>
     <span class='ocr_line' id='line_1_11' title="bbox 153 1370 1732 1428; baseline -0.004 -13"><span class='ocrx_word' id='word_1_26' title='bbox 153 1387 247 1416; x_wconf 89' lang='lat' dir='ltr'>men</span> <span class='ocrx_word' id='word_1_27' title='bbox 263 1372 370 1413; x_wconf 89' lang='lat' dir='ltr'>idem</span> <span class='ocrx_word' id='word_1_28' title='bbox 388 1372 599 1426; x_wconf 84' lang='lat' dir='ltr'>hucusque</span> <span class='ocrx_word' id='word_1_29' title='bbox 623 1372 776 1412; x_wconf 87' lang='lat' dir='ltr'>nonnisi</span> <span class='ocrx_word' id='word_1_30' title='bbox 809 1371 1045 1426; x_wconf 63' lang='lat' dir='ltr'>imperfefi&#39;ce</span> <span class='ocrx_word' id='word_1_31' title='bbox 1070 1373 1256 1428; x_wconf 81' lang='lat' dir='ltr'>cognitus</span> <span class='ocrx_word' id='word_1_32' title='bbox 1297 1370 1505 1426; x_wconf 82' lang='lat' dir='ltr'>ZoologiS.</span> <span class='ocrx_word' id='word_1_33' title='bbox 1593 1371 1732 1423; x_wconf 85' lang='lat' dir='ltr'>Itaque</span> 
     </span>
     <span class='ocr_line' id='line_1_12' title="bbox 151 1425 1730 1484; baseline -0.004 -13"><span class='ocrx_word' id='word_1_34' title='bbox 151 1442 365 1484; x_wconf 83' lang='lat' dir='ltr'>acceptum</span> <span class='ocrx_word' id='word_1_35' title='bbox 391 1427 479 1469; x_wconf 75' lang='lat' dir='ltr'>fore</span> <span class='ocrx_word' id='word_1_36' title='bbox 502 1440 602 1482; x_wconf 89' lang='lat' dir='ltr'>puto</span> <span class='ocrx_word' id='word_1_37' title='bbox 630 1428 679 1480; x_wconf 86' lang='lat' dir='ltr'>si,</span> <span class='ocrx_word' id='word_1_38' title='bbox 709 1427 961 1470; x_wconf 61' lang='lat' dir='ltr'>retractando</span> <span class='ocrx_word' id='word_1_39' title='bbox 982 1428 1112 1481; x_wconf 89' lang='lat' dir='ltr'>illum,</span> <span class='ocrx_word' id='word_1_40' title='bbox 1149 1428 1476 1470; x_wconf 85' lang='lat' dir='ltr'>accuratiffimam</span> <span class='ocrx_word' id='word_1_41' title='bbox 1503 1425 1587 1478; x_wconf 87' lang='lat' dir='ltr'>ejus</span> <span class='ocrx_word' id='word_1_42' title='bbox 1615 1426 1730 1467; x_wconf 50' lang='lat' dir='ltr'>histo„</span> 
     </span>
     <span class='ocr_line' id='line_1_13' title="bbox 151 1483 1729 1540; baseline -0.004 -12"><span class='ocrx_word' id='word_1_43' title='bbox 151 1491 250 1528; x_wconf 88' lang='lat' dir='ltr'>riam</span> <span class='ocrx_word' id='word_1_44' title='bbox 276 1499 396 1540; x_wconf 87' lang='lat' dir='ltr'>atque</span> <span class='ocrx_word' id='word_1_45' title='bbox 423 1483 730 1538; x_wconf 78' lang='lat' dir='ltr'>descriptionem</span> <span class='ocrx_word' id='word_1_46' title='bbox 755 1485 1086 1540; x_wconf 83' lang='lat' dir='ltr'>Zoographicam</span> <span class='ocrx_word' id='word_1_47' title='bbox 1110 1487 1260 1540; x_wconf 84' lang='lat' dir='ltr'>pariter</span> <span class='ocrx_word' id='word_1_48' title='bbox 1288 1485 1329 1526; x_wconf 68' lang='grc' dir='ltr'>δε</span> <span class='ocrx_word' id='word_1_49' title='bbox 1356 1485 1639 1534; x_wconf 83' lang='lat' dir='ltr'>anatomicam,</span> <span class='ocrx_word' id='word_1_50' title='bbox 1679 1495 1729 1522; x_wconf 82' lang='lat' dir='ltr'>ex</span> 
     </span>
     <span class='ocr_line' id='line_1_14' title="bbox 154 1537 1732 1600; baseline -0.004 -16"><span class='ocrx_word' id='word_1_51' title='bbox 154 1542 415 1600; x_wconf 66' lang='lat' dir='ltr'>quadragenis</span> <span class='ocrx_word' id='word_1_52' title='bbox 432 1543 663 1593; x_wconf 86' lang='lat' dir='ltr'>minimum,</span> <span class='ocrx_word' id='word_1_53' title='bbox 693 1543 824 1583; x_wconf 78' lang='lat' dir='ltr'>variae</span> <span class='ocrx_word' id='word_1_54' title='bbox 842 1545 978 1584; x_wconf 87' lang='lat' dir='ltr'>aetatis</span> <span class='ocrx_word' id='word_1_55' title='bbox 1004 1555 1125 1597; x_wconf 88' lang='lat' dir='ltr'>atque</span> <span class='ocrx_word' id='word_1_56' title='bbox 1151 1543 1324 1596; x_wconf 83' lang='lat' dir='ltr'>regionis</span> <span class='ocrx_word' id='word_1_57' title='bbox 1356 1540 1589 1583; x_wconf 82' lang='lat' dir='ltr'>animalibus</span> <span class='ocrx_word' id='word_1_58' title='bbox 1614 1541 1651 1579; x_wconf 92' lang='lat' dir='ltr'>in</span> <span class='ocrx_word' id='word_1_59' title='bbox 1677 1537 1732 1578; x_wconf 87' lang='lat' dir='ltr'>Si-</span> 
     </span>
     <span class='ocr_line' id='line_1_15' title="bbox 151 1595 1732 1654; baseline -0.004 -14"><span class='ocrx_word' id='word_1_60' title='bbox 151 1599 250 1640; x_wconf 82' lang='lat' dir='ltr'>biria</span> <span class='ocrx_word' id='word_1_61' title='bbox 267 1599 544 1639; x_wconf 86' lang='lat' dir='ltr'>concinnatam</span> <span class='ocrx_word' id='word_1_62' title='bbox 568 1598 744 1638; x_wconf 83' lang='lat' dir='ltr'>Curiosis</span> <span class='ocrx_word' id='word_1_63' title='bbox 765 1601 1138 1651; x_wconf 75' lang='lat' dir='ltr'>communicavero,</span> <span class='ocrx_word' id='word_1_64' title='bbox 1171 1612 1250 1654; x_wconf 88' lang='lat' dir='ltr'>qua</span> <span class='ocrx_word' id='word_1_65' title='bbox 1269 1597 1429 1639; x_wconf 90' lang='lat' dir='ltr'>tandem</span> <span class='ocrx_word' id='word_1_66' title='bbox 1456 1595 1643 1639; x_wconf 87' lang='lat' dir='ltr'>omnibus</span> <span class='ocrx_word' id='word_1_67' title='bbox 1661 1597 1732 1635; x_wconf 86' lang='lat' dir='ltr'>cir-</span> 
     </span>
     <span class='ocr_line' id='line_1_16' title="bbox 154 1653 1732 1709; baseline -0.003 -12"><span class='ocrx_word' id='word_1_68' title='bbox 154 1669 200 1697; x_wconf 92' lang='lat' dir='ltr'>ca</span> <span class='ocrx_word' id='word_1_69' title='bbox 218 1655 414 1709; x_wconf 80' lang='lat' dir='ltr'>singulare</span> <span class='ocrx_word' id='word_1_70' title='bbox 433 1654 533 1695; x_wconf 90' lang='lat' dir='ltr'>istud</span> <span class='ocrx_word' id='word_1_71' title='bbox 551 1655 691 1695; x_wconf 86' lang='lat' dir='ltr'>animal</span> <span class='ocrx_word' id='word_1_72' title='bbox 712 1654 867 1708; x_wconf 87' lang='lat' dir='ltr'>dubiis,</span> <span class='ocrx_word' id='word_1_73' title='bbox 904 1654 1123 1708; x_wconf 81' lang='lat' dir='ltr'>sententiis,</span> <span class='ocrx_word' id='word_1_74' title='bbox 1168 1654 1552 1709; x_wconf 86' lang='lat' dir='ltr'>repetitionibusque</span> <span class='ocrx_word' id='word_1_75' title='bbox 1579 1653 1732 1694; x_wconf 87' lang='lat' dir='ltr'>coroni-</span> 
     </span>
     <span class='ocr_line' id='line_1_17' title="bbox 154 1707 1728 1767; baseline -0.003 -13"><span class='ocrx_word' id='word_1_76' title='bbox 154 1712 248 1754; x_wconf 85' lang='lat' dir='ltr'>dem</span> <span class='ocrx_word' id='word_1_77' title='bbox 269 1712 419 1765; x_wconf 83' lang='lat' dir='ltr'>imponi</span> <span class='ocrx_word' id='word_1_78' title='bbox 446 1709 555 1764; x_wconf 61' lang='lat' dir='ltr'>poste</span> <span class='ocrx_word' id='word_1_79' title='bbox 586 1710 845 1767; x_wconf 72' lang='lat' dir='ltr'>crediderim,</span> <span class='ocrx_word' id='word_1_80' title='bbox 879 1726 927 1754; x_wconf 89' lang='lat' dir='ltr'>eo</span> <span class='ocrx_word' id='word_1_81' title='bbox 945 1714 1093 1767; x_wconf 83' lang='lat' dir='ltr'>magis,</span> <span class='ocrx_word' id='word_1_82' title='bbox 1119 1712 1231 1767; x_wconf 91' lang='lat' dir='ltr'>quod</span> <span class='ocrx_word' id='word_1_83' title='bbox 1256 1714 1372 1753; x_wconf 86' lang='lat' dir='ltr'>etiam</span> <span class='ocrx_word' id='word_1_84' title='bbox 1399 1710 1660 1765; x_wconf 87' lang='lat' dir='ltr'>Tybetanam</span> <span class='ocrx_word' id='word_1_85' title='bbox 1687 1707 1728 1749; x_wconf 71' lang='grc' dir='ltr'>δε</span> 
     </span>
     <span class='ocr_line' id='line_1_18' title="bbox 154 1764 1728 1822; baseline -0.004 -11"><span class='ocrx_word' id='word_1_86' title='bbox 154 1766 394 1811; x_wconf 85' lang='lat' dir='ltr'>Chinensem</span> <span class='ocrx_word' id='word_1_87' title='bbox 412 1765 568 1822; x_wconf 68' lang='lat' dir='ltr'><em>Moschi</em></span> <span class='ocrx_word' id='word_1_88' title='bbox 587 1769 836 1820; x_wconf 82' lang='lat' dir='ltr'>varietatem,</span> <span class='ocrx_word' id='word_1_89' title='bbox 865 1768 999 1811; x_wconf 89' lang='lat' dir='ltr'>saltem</span> <span class='ocrx_word' id='word_1_90' title='bbox 1018 1771 1056 1810; x_wconf 91' lang='lat' dir='ltr'>in</span> <span class='ocrx_word' id='word_1_91' title='bbox 1077 1770 1227 1810; x_wconf 83' lang='lat' dir='ltr'>exuviis</span> <span class='ocrx_word' id='word_1_92' title='bbox 1246 1767 1408 1810; x_wconf 89' lang='lat' dir='ltr'>videndi</span> <span class='ocrx_word' id='word_1_93' title='bbox 1425 1768 1466 1809; x_wconf 86' lang='lat'>&amp;</span> <span class='ocrx_word' id='word_1_94' title='bbox 1484 1780 1578 1808; x_wconf 84' lang='lat' dir='ltr'>cum</span> <span class='ocrx_word' id='word_1_95' title='bbox 1597 1764 1728 1806; x_wconf 79' lang='lat' dir='ltr'>Sibiri-</span> 
     </span>
     <span class='ocr_line' id='line_1_19' title="bbox 155 1821 1729 1878; baseline -0.003 -12"><span class='ocrx_word' id='word_1_96' title='bbox 155 1839 203 1866; x_wconf 93' lang='lat' dir='ltr'>co</span> <span class='ocrx_word' id='word_1_97' title='bbox 220 1825 374 1866; x_wconf 85' lang='lat' dir='ltr'>animali</span> <span class='ocrx_word' id='word_1_98' title='bbox 395 1823 653 1878; x_wconf 83' lang='lat' dir='ltr'>comparandi</span> <span class='ocrx_word' id='word_1_99' title='bbox 674 1825 826 1867; x_wconf 86' lang='lat' dir='ltr'>occasio</span> <span class='ocrx_word' id='word_1_100' title='bbox 849 1827 944 1867; x_wconf 85' lang='lat' dir='ltr'>mihi</span> <span class='ocrx_word' id='word_1_101' title='bbox 963 1825 1099 1877; x_wconf 86' lang='lat' dir='ltr'>fuerit,</span> <span class='ocrx_word' id='word_1_102' title='bbox 1129 1826 1237 1866; x_wconf 91' lang='lat' dir='ltr'>unde</span> <span class='ocrx_word' id='word_1_103' title='bbox 1257 1825 1345 1866; x_wconf 88' lang='lat' dir='ltr'>istas</span> <span class='ocrx_word' id='word_1_104' title='bbox 1370 1824 1521 1865; x_wconf 79' lang='lat' dir='ltr'>nonnifi</span> <span class='ocrx_word' id='word_1_105' title='bbox 1542 1823 1607 1877; x_wconf 79' lang='lat' dir='ltr'>pili</span> <span class='ocrx_word' id='word_1_106' title='bbox 1625 1821 1729 1863; x_wconf 86' lang='lat' dir='ltr'>colo·</span> 
     </span>
     <span class='ocr_line' id='line_1_20' title="bbox 155 1879 1729 1937; baseline -0.003 -14"><span class='ocrx_word' id='word_1_107' title='bbox 155 1896 220 1929; x_wconf 79' lang='lat' dir='ltr'>re,</span> <span class='ocrx_word' id='word_1_108' title='bbox 253 1880 523 1935; x_wconf 53' lang='lat' dir='ltr'>collectaeque</span> <span class='ocrx_word' id='word_1_109' title='bbox 548 1883 585 1921; x_wconf 92' lang='lat' dir='ltr'>in</span> <span class='ocrx_word' id='word_1_110' title='bbox 611 1879 788 1924; x_wconf 91' lang='lat' dir='ltr'>folliculo</span> <span class='ocrx_word' id='word_1_111' title='bbox 816 1882 985 1925; x_wconf 88' lang='lat' dir='ltr'>odorato</span> <span class='ocrx_word' id='word_1_112' title='bbox 1007 1884 1193 1924; x_wconf 84' lang='lat' dir='ltr'>materiae</span> <span class='ocrx_word' id='word_1_113' title='bbox 1221 1881 1438 1937; x_wconf 85' lang='lat' dir='ltr'>fragrantia</span> <span class='ocrx_word' id='word_1_114' title='bbox 1463 1895 1484 1923; x_wconf 90' lang='lat' dir='ltr'>a</span> <span class='ocrx_word' id='word_1_115' title='bbox 1508 1879 1729 1936; x_wconf 88' lang='lat' dir='ltr'>posteriore</span> 
     </span>
     <span class='ocr_line' id='line_1_21' title="bbox 157 1935 633 1980; baseline 0.002 -1"><span class='ocrx_word' id='word_1_116' title='bbox 157 1935 317 1979; x_wconf 77' lang='lat' dir='ltr'>diff-erre</span> <span class='ocrx_word' id='word_1_117' title='bbox 334 1937 430 1978; x_wconf 87' lang='lat' dir='ltr'>mihi</span> <span class='ocrx_word' id='word_1_118' title='bbox 455 1937 633 1980; x_wconf 86' lang='lat' dir='ltr'>constitit.</span> 
     </span>
    </p>

    <p class='ocr_par' dir='ltr' id='par_1_10' title="bbox 156 2008 1734 2237">
     <span class='ocr_line' id='line_1_22' title="bbox 272 2008 1729 2067; baseline -0.001 -17"><span class='ocrx_word' id='word_1_119' title='bbox 272 2010 505 2064; x_wconf 82' lang='lat' dir='ltr'>Antequam</span> <span class='ocrx_word' id='word_1_120' title='bbox 529 2022 628 2051; x_wconf 79' lang='lat' dir='ltr'>vero</span> <span class='ocrx_word' id='word_1_121' title='bbox 653 2024 798 2053; x_wconf 86' lang='lat' dir='ltr'>novam</span> <span class='ocrx_word' id='word_1_122' title='bbox 816 2008 972 2052; x_wconf 88' lang='lat' dir='ltr'>Moschi</span> <span class='ocrx_word' id='word_1_123' title='bbox 997 2010 1199 2057; x_wconf 85' lang='lat' dir='ltr'>historiam</span> <span class='ocrx_word' id='word_1_124' title='bbox 1232 2010 1467 2067; x_wconf 83' lang='lat' dir='ltr'>aggrediar,</span> <span class='ocrx_word' id='word_1_125' title='bbox 1498 2008 1729 2051; x_wconf 64' lang='lat' dir='ltr'>Aufi&#39;torum</span> 
     </span>
     <span class='ocr_line' id='line_1_23' title="bbox 156 2064 1729 2124; baseline -0.002 -16"><span class='ocrx_word' id='word_1_126' title='bbox 156 2070 289 2124; x_wconf 82' lang='lat' dir='ltr'>prius,</span> <span class='ocrx_word' id='word_1_127' title='bbox 320 2065 456 2122; x_wconf 87' lang='lat' dir='ltr'>quide</span> <span class='ocrx_word' id='word_1_128' title='bbox 477 2066 633 2107; x_wconf 86' lang='lat' dir='ltr'>animali</span> <span class='ocrx_word' id='word_1_129' title='bbox 659 2081 853 2121; x_wconf 76' lang='lat' dir='ltr'>egerunt,</span> <span class='ocrx_word' id='word_1_130' title='bbox 886 2070 1037 2122; x_wconf 81' lang='lat' dir='ltr'>quique</span> <span class='ocrx_word' id='word_1_131' title='bbox 1063 2071 1248 2110; x_wconf 84' lang='lat' dir='ltr'>materiae</span> <span class='ocrx_word' id='word_1_132' title='bbox 1266 2068 1454 2109; x_wconf 86' lang='lat' dir='ltr'>odoratae</span> <span class='ocrx_word' id='word_1_133' title='bbox 1479 2079 1661 2108; x_wconf 83' lang='lat' dir='ltr'>naturam</span> <span class='ocrx_word' id='word_1_134' title='bbox 1687 2064 1729 2105; x_wconf 85' lang='lat'>&amp;</span> 
     </span>
     <span class='ocr_line' id='line_1_24' title="bbox 159 2120 1728 2180; baseline -0.004 -14"><span class='ocrx_word' id='word_1_135' title='bbox 159 2137 295 2166; x_wconf 84' lang='lat' dir='ltr'>ortum</span> <span class='ocrx_word' id='word_1_136' title='bbox 322 2122 521 2178; x_wconf 85' lang='lat' dir='ltr'>explicare</span> <span class='ocrx_word' id='word_1_137' title='bbox 554 2124 727 2177; x_wconf 82' lang='lat' dir='ltr'>aggreffi</span> <span class='ocrx_word' id='word_1_138' title='bbox 753 2123 862 2176; x_wconf 91' lang='lat' dir='ltr'>sunt,</span> <span class='ocrx_word' id='word_1_139' title='bbox 901 2125 1010 2165; x_wconf 87' lang='lat' dir='ltr'>locos</span> <span class='ocrx_word' id='word_1_140' title='bbox 1038 2124 1179 2166; x_wconf 84' lang='lat' dir='ltr'>ordine</span> <span class='ocrx_word' id='word_1_141' title='bbox 1216 2128 1430 2180; x_wconf 80' lang='lat' dir='ltr'>(quantum</span> <span class='ocrx_word' id='word_1_142' title='bbox 1459 2123 1542 2165; x_wconf 86' lang='lat' dir='ltr'>fieri</span> <span class='ocrx_word' id='word_1_143' title='bbox 1579 2120 1728 2176; x_wconf 78' lang='lat' dir='ltr'>pOtest)</span> 
     </span>
     <span class='ocr_line' id='line_1_25' title="bbox 159 2177 1734 2237; baseline -0.004 -14"><span class='ocrx_word' id='word_1_144' title='bbox 159 2182 349 2223; x_wconf 87' lang='lat' dir='ltr'>chronico</span> <span class='ocrx_word' id='word_1_145' title='bbox 369 2177 572 2222; x_wconf 84' lang='lat' dir='ltr'>recensere</span> <span class='ocrx_word' id='word_1_146' title='bbox 590 2179 725 2233; x_wconf 88' lang='lat' dir='ltr'>liceat,</span> <span class='ocrx_word' id='word_1_147' title='bbox 754 2192 798 2222; x_wconf 91' lang='lat' dir='ltr'>ut</span> <span class='ocrx_word' id='word_1_148' title='bbox 817 2194 880 2233; x_wconf 88' lang='lat' dir='ltr'>ea,</span> <span class='ocrx_word' id='word_1_149' title='bbox 912 2194 1015 2235; x_wconf 87' lang='lat' dir='ltr'>quae</span> <span class='ocrx_word' id='word_1_150' title='bbox 1035 2180 1246 2237; x_wconf 88' lang='lat' dir='ltr'>hucusque</span> <span class='ocrx_word' id='word_1_151' title='bbox 1257 2180 1397 2224; x_wconf 86' lang='lat' dir='ltr'>tradita</span> <span class='ocrx_word' id='word_1_152' title='bbox 1414 2178 1521 2234; x_wconf 84' lang='lat' dir='ltr'>sunt,</span> <span class='ocrx_word' id='word_1_153' title='bbox 1547 2190 1734 2233; x_wconf 81' lang='lat' dir='ltr'>quaeque</span> 
     </span>
    </p>

    <p class='ocr_par' dir='ltr' id='par_1_11' title="bbox 921 2237 1731 2279">
     <span class='ocr_line' id='line_1_26' title="bbox 921 2237 1731 2279; baseline -0.006 0"><span class='ocrx_word' id='word_1_154' title='bbox 921 2237 964 2279; x_wconf 85' lang='lat' dir='ltr'>A</span> <span class='ocrx_word' id='word_1_155' title='bbox 993 2250 1016 2278; x_wconf 89' lang='lat'>2</span> <span class='ocrx_word' id='word_1_156' title='bbox 1624 2247 1731 2275; x_wconf 84' lang='lat' dir='ltr'>nova</span> 
     </span>
    </p>
   </div>
   <div class='ocr_carea' id='block_1_9' title="bbox 185 1156 1732 1331">
    <p class='ocr_par' dir='ltr' id='par_1_12' title="bbox 185 1156 1732 1331">
     <span class='ocr_line' id='line_1_27' title="bbox 185 1156 1732 1331; baseline -0.003 -87"><span class='ocrx_word' id='word_1_157' title='bbox 185 1157 230 1331; x_wconf 51' lang='grc' dir='ltr'>ἱ</span> <span class='ocrx_word' id='word_1_158' title='bbox 262 1156 281 1259; x_wconf 49' lang='grc' dir='ltr'><strong>Ξ</strong></span> <span class='ocrx_word' id='word_1_159' title='bbox 322 1205 361 1244; x_wconf 85' lang='lat' dir='ltr'>ix</span> <span class='ocrx_word' id='word_1_160' title='bbox 381 1201 508 1242; x_wconf 89' lang='lat' dir='ltr'>ullum</span> <span class='ocrx_word' id='word_1_161' title='bbox 526 1199 643 1242; x_wconf 83' lang='lat' dir='ltr'>datur</span> <span class='ocrx_word' id='word_1_162' title='bbox 661 1202 701 1241; x_wconf 88' lang='lat' dir='ltr'>in</span> <span class='ocrx_word' id='word_1_163' title='bbox 719 1200 868 1242; x_wconf 85' lang='lat' dir='ltr'>Rerum</span> <span class='ocrx_word' id='word_1_164' title='bbox 888 1201 1047 1244; x_wconf 87' lang='lat' dir='ltr'>Natura</span> <span class='ocrx_word' id='word_1_165' title='bbox 1072 1200 1234 1243; x_wconf 69' lang='lat' dir='ltr'>Animal</span> <span class='ocrx_word' id='word_1_166' title='bbox 1249 1200 1466 1253; x_wconf 77' lang='lat' dir='ltr'>celebrius,</span> <span class='ocrx_word' id='word_1_167' title='bbox 1499 1211 1558 1241; x_wconf 91' lang='lat' dir='ltr'>tot</span> <span class='ocrx_word' id='word_1_168' title='bbox 1578 1198 1732 1241; x_wconf 60' lang='lat' dir='ltr'>dietum</span> 
     </span>
    </p>
   </div>
  </div>
 </body>
</html>
