2032 2732
279 327 358 370 Sed
386 327 503 371 datur
524 329 631 370 inter
649 328 771 370 Ursos
795 328 997 370 terrestres
1021 329 1207 384 vulgares
1232 329 1400 370 varietas
1425 324 1678 368 albo-macu-

164 384 256 437 losa,
287 385 433 427 dantur
451 385 539 434 albi,
561 385 700 426 incolis
717 383 883 426 Sibiriae
900 386 1213 428 mediterraneae
1232 398 1396 440 quoque
1411 385 1522 425 noti·
1559 383 1686 424 Cum-

162 456 247 497 que
265 442 326 484 his
342 442 467 483 Ursus
484 442 662 483 marinus
678 440 812 482 noster
827 453 936 482 tanto
952 440 1106 484 facilius
1120 441 1394 492 confunditur,
1425 454 1507 495 quo
1524 440 1687 494 paucine

162 498 275 540 ribus
292 500 507 553 minusque
525 497 747 551 conspicuis
764 497 1060 541 characteribus
1076 500 1250 541 externis
1266 513 1287 540 a
1303 497 1475 540 terrestri
1490 496 1594 538 Urso
1611 493 1682 536 dif-

162 553 254 596 fert.
313 553 539 596 Similitudo
557 553 713 594 summa
731 553 890 595 videtur
915 566 955 595 et
977 556 1201 607 imposuisse
1216 556 1488 604 Bnppomo,
1519 554 1589 608 qui
1608 553 1683 593 Ur·

161 611 250 653 sum
266 611 413 659 album,
443 622 487 651 ut
503 609 604 650 mihi
622 609 790 665 quidem
811 609 970 650 videtur
995 612 1206 663 marinum,
1236 626 1312 667 pro
1339 610 1541 652 terrestris
1558 610 1683 651 varie-

162 679 242 709 tate
261 667 353 708 alba,
364 667 495 721 alpina
513 665 622 707 dedit
636 665 742 720 (hist.
765 675 848 706 nat.
872 666 983 707 VIII.
999 681 1046 719 p.
1075 674 1167 715 264.
1191 669 1249 708 ecl.
1273 668 1366 708 min.
1392 667 1527 707 XVII.
1542 681 1590 720 p.
1621 675 1681 712 58.

165 721 261 765 Tala
291 725 393 775 32.)3
430 723 515 764 imo
539 722 633 764 dein
658 721 852 764 adduttos
875 736 897 763 e
921 721 1052 763 Ruffia
1076 721 1202 763 Ursos
1227 723 1336 764 albos
1356 721 1546 775 juniores,
1573 734 1682 763 certe

160 780 349 828 marinos,
380 778 433 819 ob
457 778 756 820 fimilitudinem
781 792 856 832 pro
882 778 1024 819 eadem
1050 780 1240 820 varietate
1265 779 1480 820 declaravit
1507 780 1621 830 (XV.
1632 794 1681 832 p.

164 850 210 875 12
218 839 298 889 9·);
331 835 442 890 quod
461 849 544 876 non
561 832 710 875 fecisset
731 835 808 875 Vir
821 833 881 875 Ill.
900 834 926 875 fi
950 835 1133 876 animalia
1156 836 1237 888 ista,
1267 849 1370 890 quae
1388 848 1683 889 praeoccupato

159 892 297 933 animo
317 891 555 932 examinasse
573 891 745 940 videtur,
775 893 1052 946 comparativo
1068 890 1305 947 Diligentiff
1327 893 1685 933 D'AUBENTONI

161 948 355 990 scrutinio
376 947 643 990 commisisset.

277 1005 441 1059 Quanto
456 1005 590 1046 minus
615 1004 823 1058 perspicua
841 1005 882 1045 in
909 1005 1082 1046 externis
1104 1002 1412 1053 characteribus,
1445 1004 1685 1059 internaque

160 1058 314 1102 fabrica
330 1060 454 1102 Ursus
471 1062 650 1102 marinus
669 1075 689 1101 a
707 1059 879 1102 terrestri
895 1060 1040 1109 differt,
1071 1073 1180 1102 tanto
1198 1062 1325 1114 magis
1347 1060 1480 1102 indole
1498 1074 1536 1102 et
1553 1061 1685 1102 instin-

162 1116 232 1159 &tu
249 1117 416 1158 naturali
433 1117 582 1158 alienus
609 1117 672 1158 est.
733 1117 918 1159 Maxime
943 1118 1095 1158 mirum
1121 1118 1334 1171 imprimis,
1365 1118 1476 1173 quod
1502 1119 1688 1172 quamvis

160 1173 334 1228 pedibus
360 1174 588 1214 terrestrem
604 1173 755 1214 Ursum
778 1175 965 1227 proxime
987 1171 1122 1224 refert,
1154 1186 1290 1214 tamen
1315 1174 1402 1228 plus
1428 1175 1468 1215 in
1497 1175 1624 1230 glacie
1648 1186 1690 1216 et

159 1229 265 1271 mari
283 1229 475 1280 versetur,
507 1243 631 1284 quam
649 1230 689 1269 in
707 1242 824 1280 terra,
855 1229 1125 1284 audaciorque
1150 1229 1193 1270 {it
1210 1242 1360 1272 natans.
1418 1230 1543 1272 Ursus
1566 1242 1690 1272 terre-

147 1284 259 1340 stris>
268 1285 473 1339 sylvaticas
485 1288 674 1340 regiones
690 1298 806 1334 amat,
824 1299 958 1339 neque
975 1287 1017 1326 in
1035 1287 1166 1340 aprica
1183 1285 1368 1328 lubenter
1380 1287 1517 1342 prodit
1527 1302 1537 1342 3
1568 1301 1689 1343 aquas

160 1341 318 1382 nonnifi
335 1341 456 1397 fugae
473 1342 586 1383 causa
601 1343 732 1389 intrat,
749 1355 891 1396 neque·
899 1342 1071 1396 piscibus
1089 1342 1214 1398 vulgo
1230 1342 1366 1391 inhiat,
1387 1345 1471 1385 imo
1489 1345 1690 1399 vegetabi—

160 1397 244 1438 lem
266 1398 421 1440 vietum
437 1400 624 1439 carnibus
640 1396 825 1453 praefert.
886 1399 1040 1439 Contra
1054 1401 1366 1440 marimtstotam
1386 1414 1499 1442 oram
1517 1402 1692 1456 glacialis

162 1454 329 1504 Oceani,
368 1453 417 1495 ab
442 1454 708 1509 hyperboreis
734 1454 880 1505 insulis,
917 1458 1041 1509 usque
1066 1454 1115 1495 ad
1140 1457 1472 1498 Promontorium
1497 1458 1689 1499 orientale

163 1510 282 1552 Asiae
299 1508 538 1565 frequentat,
552 1526 574 1552 a
588 1512 690 1552 mari
705 1524 914 1565 nunquam
934 1511 1160 1565 discedens,
1176 1526 1311 1567 neque
1327 1513 1549 1555 secundum
1563 1515 1691 1555 orien-

161 1566 239 1608 tale
259 1565 425 1608 Sibiriae
451 1567 558 1609 littus
588 1580 776 1617 excurrit,
814 1566 880 1608 sed
904 1566 1063 1609 Arcton
1087 1581 1206 1619 amat,
1243 1581 1453 1624 nunquam
1481 1584 1576 1611 cum
1604 1571 1689 1612 flui-

161 1634 273 1664 tantev
294 1623 422 1678 glacie
443 1624 484 1664 in
506 1623 843 1665 Kamtschaticuni
870 1636 981 1665 mare
1003 1625 1082 1666 iese
1106 1625 1234 1680 abripi
1254 1628 1413 1680 patitur,
1444 1628 1528 1668 imo
1546 1627 1690 1669 Insulas

161 1692 328 1734 quoque
353 1683 638 1733 temperatiore
663 1679 733 1721 sub
758 1679 965 1722 latitudine
990 1681 1095 1722 inter
1111 1681 1248 1722 Asiam
1278 1695 1317 1723 et
1340 1683 1578 1724 American]
1603 1685 1689 1726 sitas

160 1749 373 1790 nunquam
388 1736 486 1785 adit,
510 1739 696 1791 quamvis
707 1736 833 1777 Oram
849 1737 1066 1778 Americae
1082 1737 1383 1792 hyperboream
1401 1754 1583 1790 omnem,
1608 1741 1687 1796 gla-

160 1793 323 1846 ciesque
344 1793 449 1834 circa
467 1795 608 1846 polum
626 1792 828 1834 fluitantes
847 1794 1031 1835 videatur
1052 1793 1252 1848 hahitare,
1272 1797 1400 1850 inque
1414 1797 1513 1838 Sinu
1530 1797 1688 1839 Hudsc»

159 1849 222 1889 nis
249 1860 288 1889 et
305 1847 354 1889 ad
376 1862 464 1890 oras
481 1849 777 1891 Groenlandiae
795 1849 858 1901 (c)
888 1850 1023 1892 denuo
1041 1863 1237 1904 occurrat,
1268 1853 1376 1894 unde
1393 1867 1467 1908 per
1483 1867 1688 1896 natantem

160 1904 225 1945 vel
249 1904 437 1958 polarem*
455 1905 628 1959 glaciem
651 1905 985 1962 in‘Spitsbergam
1005 1907 1202 1950 desertam
1221 1909 1396 1964 perlatus
1421 1909 1475 1951 ibi
1495 1908 1688 1966 frequens

159 1959 326 2011 habitat-5
353 1961 437 2003 imo
451 1962 493 2002 in
508 1962 778 2005 islandiamet
793 1963 1052 2020 Norvegiam
1067 1965 1144 2018 (d)
1171 1966 1418 2021 quandoque
1432 1965 1583 2009 infelici
1605 1966 1688 2010 fato

660 2042 663 2043 ⁷
1555 2025 1687 2081 appel-

198 2090 228 2128 ς)
249 2090 274 2119 Α
284 2098 306 2119 N
315 2099 333 2118 ¹³
343 2097 359 2118 Ε
367 2098 383 2118 ¹³
392 2097 405 2118 ⁵
413 2096 460 2118 ΘΝ
475 2086 576 2138 Nfffl'r·
591 2101 617 2125 υ·
635 2091 682 2131 W·
694 2091 802 2124 Groenl.
817 2104 866 2124 cet.
880 2106 915 2135 p.
932 2100 992 2131 17'2.
1015 2091 1065 2126 Ee
1074 2105 1090 2127 ε
1099 2107 1118 2127 n
1127 2105 1144 2127 Ε
1159 2091 1262 2128 Ναιόν.
1278 2108 1304 2132 v,
1314 2096 1425 2129 Groenl.
1435 2110 1468 2139 p,
1484 2104 1530 2137 85,
1553 2099 1577 2128 C
1586 2108 1601 2128 κ
1610 2107 1627 2127 Α
1638 2107 1659 2129 Ν
1670 2106 1688 2128 z

241 2142 268 2165 v,
279 2130 388 2163 (ῐνοεηῖ,
406 2130 426 2164 Ῐ,
447 2131 559 2171 Theilp,
574 2138 620 2168 98,
1603 2133 1612 2141 ,

197 2187 239 2228 d)
253 2193 311 2221 ΛΝ
320 2197 465 2220 o-fflsoN
481 2189 655 2231 tebifiwzp.
671 2202 716 2229 29.
760 2194 939 2226 Ormi-:N
954 2203 982 2227 et
995 2197 1208 2228 Powtnssn
1223 2197 1320 2232 Isana,
1335 2198 1407 2239 Reifi
1421 2198 1461 2233 ΙΙ,
1479 2198 1561 2233 rhen,
1577 2210 1610 2240 p,
1624 2212 1687 2235 200,
