2032 2732
577 235 758 295 ὕδωρ
861 234 895 288 v(
951 233 1078 287 79)
1196 231 1376 288 ’'Qess*

228 334 407 394 populos
434 331 655 391 pretiosae,
693 331 770 372 vix
805 326 877 369 nifi
908 342 931 370 a
949 325 1080 370 Persis
1111 327 1156 369 δε
1182 325 1383 370 Eucharis
1415 325 1567 369 adferri
1590 322 1734 374 solent,

229 394 274 435 d:
296 390 504 449 imperiali
525 390 656 446 vulgo
682 386 941 429 redimuntur
968 384 1160 443 lingulae.
1219 384 1502 427 Aestimantur
1527 383 1570 426 ἃ
1590 383 1730 425 colun·

229 462 295 492 tur
312 447 546 507 praesertim
563 458 673 487 atrae
687 476 698 492 ,
726 458 853 485 canae
872 443 915 485 ἃ
935 441 1054 486 albo·
1067 454 1310 500 argenteae,
1369 441 1490 485 uibus
1517 439 1621 483 nihil
1645 440 1731 497 pul-

230 509 354 553 crius;
381 505 548 547 viliores
573 499 744 544 laffi'ceae.
805 502 852 543 ln
871 501 1060 542 neonatis
1079 502 1146 544 vel
1166 512 1330 542 maturo
1366 514 1434 542 ere
1453 512 1571 556 partu
1596 510 1730 540 matre

230 560 406 606 exsestis
425 561 529 618 pilus
555 557 821 606 tenuiffinms,
853 558 1092 606 undulatus‚
1124 555 1282 616 saepius
1300 558 1420 599 undis
1440 557 1620 614 pinnatis
1642 556 1730 614 pul-

226 621 429 663 cherrime
448 629 720 660 marmoratus
738 629 862 675 atque
880 615 1126 663 vorticosus,
1154 616 1208 657 ita
1235 629 1277 657 ur
1293 614 1394 658 tales
1428 614 1641 672 pelliculae
1665 613 1734 656 da-

229 677 415 720 mascena
432 674 563 718 ferme
580 675 704 718 serica
726 673 927 720 referant3
958 672 1002 716 &
1020 671 1100 716 hae
1147 672 1313 720 uidem,
1353 670 1590 729 praesertim
1608 670 1636 713 si
1656 670 1732 713 sint

227 748 359 783 atrae,
393 734 583 775 omnium
601 731 821 775 carissimae
843 729 1060 773 habentur.
1157 742 1299 787 ropter
1314 727 1390 770 has
1408 729 1536 786 pelles
1553 728 1732 772 Buchari

228 807 360 850 agnos
388 790 607 838 masculos,
645 789 794 849 quibus
821 790 873 831 ad
905 787 1183 831 maritandum
1210 801 1388 845 gregem
1421 802 1506 828 non
1537 785 1594 828 est
1614 801 1732 842 opus,

227 849 433 908 gregatim
452 854 650 890 coemunt
673 860 797 905 atque
823 847 1000 889 tenellos
1027 846 1225 893 caedunt,
1265 844 1434 904 quando
1453 842 1731 901 pulcherrima

227 907 285 949 est
307 906 475 964 pellium
491 904 628 947 facies.
687 906 905 946 Femineos
924 905 1035 945 enim
1053 903 1245 945 occidere
1264 918 1350 943 non
1371 900 1570 943 Eucharis
1587 900 1734 950 modo,
1776 926 1781 928 -

225 963 294 1007 sed
303 962 497 1006 omnibus
509 962 678 1005 Tataris
693 960 810 1003 nefas
824 959 1019 1003 censetur.
1038 960 1258 1003 Summam
1279 960 1392 1002 enim
1412 972 1552 1001 curam
1568 971 1732 1016 ponunt

224 1023 267 1064 in
297 1020 606 1077 multiplicando
631 1017 783 1076 grege,
815 1033 952 1077 neque
978 1017 1061 1060 sine
1089 1018 1275 1061 externis
1309 1016 1473 1058 auxiliis
1505 1016 1729 1074 pulchritu-

229 1079 285 1121 do
303 1078 465 1120 velleris
482 1088 754 1135 propagatur,
780 1089 1083 1134 propterquam
1102 1073 1438 1123 conservandam,
1460 1073 1646 1117 utiree’te
1658 1071 1732 1116 ob-

227 1135 360 1178 servat
396 1134 656 1177 OLEAarus
695 1135 749 1188 (l.
769 1145 851 1187 ap.
873 1139 990 1187 569.)
1023 1148 1097 1190 per
1115 1133 1310 1176 aestatem
1335 1133 1377 1173 in
1410 1130 1558 1175 umbra
1589 1131 1732 1180 curari,

226 1191 467 1250 stragulisve
490 1203 631 1232 contra
649 1189 739 1232 solis
756 1191 948 1232 ardorem
967 1189 1137 1233 defendi
1154 1205 1282 1248 pecus
1306 1187 1594 1231 Bucharorum
1617 1188 1732 1233 solet.

225 1250 405 1292 Servant
422 1261 584 1296 tamen,
615 1249 740 1289 etiam
761 1247 872 1305 apud
896 1246 1117 1304 Kirgilios,
1157 1245 1306 1306 quibus
1332 1246 1442 1288 nulla
1466 1261 1613 1288 eorum
1640 1261 1734 1290 cura

227 1306 303 1355 est,
335 1306 522 1347 indolem
545 1306 588 1347 ὄι
612 1316 800 1346 naturam
824 1304 1010 1351 venerim
1041 1304 1232 1362 adeoque
1257 1318 1410 1361 operae
1427 1305 1606 1361 pretium
1634 1302 1732 1346 esset

224 1364 458 1420 Europaeis
484 1364 544 1405 rei
577 1363 793 1419 pecuariae
817 1360 983 1403 curiosis
1017 1361 1264 1404 ssucharicae
1297 1361 1507 1404 varietatis
1541 1360 1732 1404 sobolem

226 1418 479 1520 procmasfie,
519 1420 905 1478 experimentisque
931 1417 1135 1472 subjecisse
1160 1419 1258 1468 suis,
1297 1418 1365 1464 vel
1385 1433 1533 1476 puram
1563 1433 1733 1479 quoque

227 1492 413 1537 propaga
445 1492 481 1520 e.

343 1592 552 1637 Videntur
584 1605 720 1637 autem
743 1594 839 1638 istae
864 1610 968 1638 oves
996 1593 1104 1638 forte
1128 1609 1187 1637 ex
1219 1594 1423 1637 adulterio
1457 1592 1733 1652 steatopygae

228 1652 437 1695 varietatis
470 1667 565 1693 cum
598 1652 856 1710 longicaudis
886 1666 1024 1695 ortum
1052 1651 1231 1700 duxisse,
1278 1651 1394 1710 simul
1424 1666 1498 1710 per
1530 1651 1732 1695 effeekum

228 1710 401 1752 climatis
417 1708 636 1752 nobilitato
658 1711 823 1753 vellere.
887 1711 1034 1754 Saltim
1057 1710 1185 1752 cauda
1207 1708 1369 1768 semper
1391 1710 1480 1752 talis
1498 1708 1663 1757 exsistit,
1688 1707 1732 1750 {i-

229 1767 322 1809 cubi
339 1768 535 1809 caudatae
552 1767 674 1810 Oves
694 1783 789 1809 cum
806 1768 1063 1826 steatopygis
1081 1781 1306 1825 generant}
1337 1772 1448 1820 cujus
1466 1768 1594 1825 prolis
1614 1767 1732 1809 innu-

225 1838 340 1867 mera
359 1824 555 1881 exempla
568 1825 670 1873 vidi,
704 1825 852 1884 quibus
863 1827 989 1868 etiam
1003 1825 1134 1868 vellus
1151 1825 1424 1868 intermediae
1441 1825 1485 1867 <Sc
1501 1823 1727 1882 subcrispae

228 1882 380 1924 indolis
407 1881 614 1925 observari
647 1882 758 1925 solet.
779 1909 834 1914 —
893 1882 1142 1942 Eademque
1173 1882 1478 1932 conformatio,
1519 1882 1563 1926 ὅι
1594 1881 1734 1924 similis

228 1939 336 1982 forte
375 1941 496 1997 origo
530 1940 751 1984 Varietatis
798 1942 943 1985 ovium
985 1943 1029 1984 in
1075 1939 1211 1983 Persia
1230 1945 1269 1994 ¹1)
1317 1941 1496 1999 Syriar)
1545 1939 1733 1984 Palaesti-

1680 2013 1734 2041 na

269 2097 307 2136 q)
330 2093 447 2124 Persicas
464 2104 529 2124 oves
545 2104 616 2133 quae
631 2096 750 2126 navibus
765 2097 1000 2127 Promontorium
1014 2097 1107 2127 bonae
1123 2096 1179 2136 spei
1193 2095 1361 2127 deferuntur
1375 2096 1476 2128 caudas
1492 2096 1620 2137 pondere
1636 2103 1673 2131 25
1691 2095 1734 2123 vel

312 2144 353 2173 30
368 2136 502 2165 {ivai-um
518 2136 621 2165 habere
644 2140 770 2167 Korn
790 2140 808 2168 l.
823 2150 846 2168 c.
860 2147 888 2178 p.
908 2150 962 2171 1210
1007 2141 1117 2178 Easque
1137 2140 1237 2177 partim
1255 2138 1429 2179 steatopygis
1445 2150 1494 2178 per
1508 2139 1602 2168 omnia
1623 2137 1732 2171 ssmiles,

312 2188 413 2216 patrum
434 2179 530 2207 caudis
547 2178 680 2217 oblongis
693 2202 699 2213 ,
720 2182 908 2219 appendicula
923 2181 1047 2220 pendula
1064 2182 1105 2209 vel
1122 2181 1225 2210 reflexa
1242 2182 1400 2211 terminatis
1417 2182 1469 2210 effe
1488 2180 1550 2209 scio.

268 2219 306 2258 r>
329 2221 425 2260 Syriae
441 2220 576 2251 cubitales
592 2221 688 2251 ovium
704 2221 817 2259 caudae,
840 2224 1055 2263 plurimumque
1070 2223 1100 2253 in
1116 2233 1146 2254 ea
1160 2231 1240 2263 parte
1254 2223 1347 2253 lanicii
1370 2225 1471 2254 prm.
1485 2221 1544 2262 bist.
1559 2218 1620 2249 Lib.
1631 2226 1726 2259 acap-

1676 2267 1726 2301 48-
