2032 2732
669 217 850 273 QQW
971 217 1153 274 (4)
1270 217 1451 274 Qess*

427 316 643 357 Antenuae
663 310 893 361 filiformes,
918 309 1152 354 extrorsum
1169 309 1377 355 crassiores
1393 325 1516 373 atque
1533 313 1815 360 fuscescentes.

434 374 626 414 Thoracis
651 372 825 428 clypeus
850 385 901 412 an
936 369 1064 418 ustus,
1094 370 1261 428 planus,
1296 372 1430 414 antice
1454 385 1682 422 truncatus,
1718 374 1813 416 ala-

315 441 402 474 tere
420 445 524 473 vero
539 430 730 487 utrinque
748 384 977 485 produffius
999 425 1184 485 processu
1204 428 1341 485 plano,
1371 430 1526 478 lineari,
1550 429 1813 474 horizontali.

429 488 569 543 Elytra
600 485 865 543 planiuscula,
902 485 1124 544 triangula,
1162 487 1352 544 margine
1375 488 1618 545 explanata,
1657 502 1813 531 antror-

312 544 399 589 sum
425 547 467 587 in
491 542 666 604 gibbum
683 543 923 601 angulatum
941 541 1206 600 assurgentia,
1238 544 1477 602 anguloque
1501 544 1703 590 humerali
1719 562 1813 604 pro-

310 602 437 647 duct-a
461 604 503 645 in
526 602 749 643 auriculam
775 599 1031 648 subacutam,
1073 599 1257 658 planam,
1298 601 1813 655 canaliculato-reflexam,

310 662 508 704 interiore
524 659 713 715 margine
739 656 1033 715 biangulatam.
1096 658 1291 715 Angulus
1314 673 1338 699 a
1355 657 1486 716 gibbo
1502 659 1641 702 versus
1659 663 1812 703 auricu-

311 719 393 761 lam
411 717 652 764 decurrenS‚
678 716 864 774 itemque
883 713 1036 764 sutura,
1067 714 1111 757 &
1140 730 1212 757 ora
1234 718 1432 774 marginis
1455 720 1639 760 convexi
1658 719 1812 776 elytro-

310 791 404 819 rum
428 774 558 817 nitide
581 774 797 831 nigricant.
856 772 1037 830 Elytron
1066 771 1271 831 singulum
1293 777 1345 816 ad
1371 772 1483 816 basin
1507 775 1711 818 auriculae
1737 775 1812 818 hu-

310 833 477 877 meralis
494 843 771 875 extenuatum
786 829 830 873 <Sc
853 829 1059 873 foramine
1086 830 1275 889 oblongo
1299 833 1502 890 pervium.
1559 835 1715 875 Pmfft'a
1737 835 1813 874 im-

310 888 461 952 pressa,
490 887 651 931 nonnisi
668 889 779 931 lente
801 887 1101 947 conspicienda.
1161 890 1329 931 Liturae
1347 888 1481 933 fuscae
1498 892 1635 933 variae
1647 892 1691 932 in
1709 905 1812 933 mar·

309 951 410 1010 gine
435 947 661 1005 explanato
686 946 930 1003 elytrorum.

428 1007 578 1060 Corpus
595 1004 829 1061 elytrorum
845 1002 1004 1047 ambitu
1020 1002 1154 1044 multo
1174 1002 1404 1061 angustius,
1430 1002 1687 1062 oblongum,
1729 1005 1813 1064 gla-

307 1063 547 1110 berrimum.

305 1179 329 1223 s
424 1123 547 1162 Pedes
566 1116 791 1218 miajusculi,
823 1115 976 1177 glabri,
1005 1129 1202 1162 extremo
1217 1117 1436 1168 tibiarum,
1463 1119 1697 1178 plantisque
1713 1135 1814 1180 gry-

323 1187 598 1224 eo-tomento
616 1190 663 1218 is.

307 1285 1264 1330 ÷<>K÷>2<÷>2<†>ff<÷}i<÷>l<*>ss{*※*※†>={÷
1270 1286 1805 1331 3<÷>⁶<÷r3<÷>r<÷>r<÷>r<w

720 1402 1406 1489 LEPTURA

605 1537 1513 1611 FLUMIPES

534 1815 648 1860 &ere
668 1813 905 1859 distinctum
927 1816 965 1857 el
983 1829 1007 1857 e
1030 1814 1221 1863 videam,
1251 1813 1296 1855 ἃ
1325 1811 1490 1855 habitus
1517 1826 1703 1870 quoque,
1739 1826 1807 1870 qui

533 1874 640 1917 solus
658 1873 842 1931 dispescit
857 1871 962 1915 haec
978 1886 1154 1931 genera,
1192 1872 1234 1913 in
1259 1868 1448 1913 confiniis
1467 1885 1613 1912 eorum
1630 1870 1707 1911 vix
1724 1868 1809 1911 sen-

308 1932 411 1978 sibili
436 1931 665 1976 discrimine
690 1930 892 1979 confluat,
930 1942 1071 1972 tamen
1105 1929 1220 1971 nolui
1251 1929 1476 1987 quidquam
1499 1928 1719 1975 innovare,
1750 1928 1809 1968 in-

310 1991 552 2050 fectumque
569 1989 682 2049 quod
707 1990 911 2047 Lepturas
929 1989 1147 2046 plerasque
1162 1985 1215 2028 sic
1235 1984 1369 2029 distas
1385 1984 1528 2029 habitu
1547 1984 1693 2033 refert,
1725 1984 1808 2026 Le-

309 2061 474 2108 pturam
497 2048 712 2107 appellavi.
771 2047 944 2089 Mallem
969 2058 1110 2088 tamen
1127 2057 1348 2102 utrumque
1369 2058 1502 2102 genus
1517 2043 1690 2084 nomine
1710 2057 1808 2093 conl-

306 2111 528 2166 jungerent
559 2104 810 2155 methodici,
853 2118 907 2146 ne
935 2101 1138 2147 fluctuent
1171 2102 1555 2149 denominationes,
1595 2100 1639 2142 ἀ
1674 2099 1807 2141 modo

307 2164 495 2224 Leptura
518 2164 677 2208 dicatur
697 2164 787 2214 uni,
817 2172 924 2223 quae
950 2162 1066 2206 alteri
1081 2158 1335 2217 Cerambyx
1355 2159 1490 2209 audit3
1523 2161 1636 2212 cujus
1658 2154 1806 2256 piravis-

1697 2228 1805 2258 imae

1644 2296 1671 2321 ,ΑΞ

1678 2365 1714 2379 ..4
1748 2367 1753 2381 ἢ,

308 1717 698 1897 Quamquam
714 1757 929 1815 Lepturae
987 1771 1090 1799 enus
1118 1771 1141 1799 a
1165 1753 1503 1813 Cerambycibus
1531 1754 1646 1796 nullo
1671 1753 1809 1819 chamj
