2032 2732
568 228 753 284 ·Qess²‘
871 230 1078 283 (39)
1194 226 1374 283 Qess*

223 329 374 372 staceo.
432 324 597 368 Pollicis
616 321 812 366 denticuli
828 318 1036 364 craffiores
1053 322 1097 363 in
1114 322 1256 365 medio
1272 319 1360 364 bini
1372 352 1383 369 ,
1412 314 1630 371 interjeCko
1647 317 1722 359 mi·

226 394 349 432 nut03
388 383 520 441 digito
541 380 692 430 crebri,
727 379 950 439 versusque
972 377 1085 423 basin
1116 379 1268 438 duplici
1290 378 1390 422 serie
1415 374 1614 435 dispofiti,
1645 389 1722 432 pro

226 443 378 502 pollice
395 439 636 498 recipiendo
659 439 753 495 (fig.
769 441 822 480 A.
838 439 928 491 R).

345 500 397 540 Os
418 499 526 540 inter
548 496 687 540 chelas
712 495 901 538 constans
928 498 1086 552 vagina
1108 508 1281 542 cornea,
1318 492 1567 536 verticaliter
1586 489 1726 548 plana,

228 557 394 604 falcata,
440 553 578 598 subtus
606 556 714 598 inter
735 552 1002 597 brachiorum
1035 551 1147 597 basm
1178 550 1533 610 longitudinaliter
1564 546 1725 594 sulcata,

228 612 338 662 alba,
375 614 492 670 apice
516 611 789 660 bilamellato,
826 609 948 659 fiffili3
989 610 1035 653 δε
1052 612 1184 667 palpis
1211 611 1277 664 (ut
1296 610 1339 650 in
1358 608 1526 662 Acar-is)
1548 605 1727 663 vaginae

228 670 366 714 subtus
392 669 680 727 insidentibus,
721 668 842 718 albis,
882 668 1080 718 carnofis,
1127 666 1368 715 breviculis,
1408 664 1631 708 antennula
1653 660 1727 705 fili-

227 728 375 777 formi,
403 728 596 786 longiore
613 724 744 770 aufiis
764 730 792 783 ζ
780 728 858 783 fig.
875 728 926 769 A.
928 728 970 782 ).

345 788 466 828 Pedes
487 784 556 829 sub
578 784 748 828 thorace
761 786 858 828 deni
867 801 877 832 ;
914 786 991 827 tria
1039 785 1121 827 aria
1138 784 1180 825 in
1196 780 1283 840 ipso
1299 780 1485 829 thorace,
1514 779 1598 822 duo
1614 779 1656 820 in
1673 776 1729 821 se-

229 845 412 901 gmentis
429 842 624 887 mollibus
642 845 748 886 inter
764 843 904 885 alvum
929 842 973 885 dc
997 854 1012 884 t
1026 856 1233 888 ioracenu
1278 854 1426 883 omnes
1446 836 1731 896 pubescentes,

230 913 442 959 praeterea
474 916 526 943 ue
541 899 659 958 sparsi
675 901 805 943 veluti
822 899 951 952 jubati
970 900 1061 956 pilis
1079 898 1146 942 seu
1165 899 1303 956 potius
1319 896 1498 940 crinibus
1515 893 1672 937 albidis.

347 916 521 1000 Braciivia
532 959 687 1015 pedum
698 956 968 1000 cursoriorum
979 955 1157 999 secundo
1166 956 1253 1012 pari
1264 953 1524 1012 longitudine
1536 949 1733 1010 aequalia,

232 1012 436 1063 craffiora,
466 1016 651 1062 linearia,
684 1027 846 1071 praeter
872 1014 1087 1057 articulum
1109 1012 1323 1056 basslarem
1347 1010 1570 1070 aequaliter
1588 1007 1733 1051 triarti-

232 1074 385 1120 culam,
416 1072 588 1119 mutica,
619 1071 663 1113 ἀ
681 1070 823 1113 lobulo
840 1071 1023 1119 carnoso,
1054 1071 1189 1118 molli,
1217 1068 1487 1126 unguliformi
1502 1066 1732 1110 terminata.

233 1130 327 1185 (fig.
349 1140 385 1180 8.
408 1130 459 1184 e.)
492 1130 602 1179 Bolis
629 1127 893 1171 brachiorum
916 1129 1108 1185 utrinque
1132 1126 1202 1169 sub
1222 1118 1351 1168 chelis
1370 1126 1454 1167 oris
1478 1121 1732 1182 protuberat,

232 1188 277 1230 ἀ
295 1185 497 1245 apophysi
516 1187 664 1228 conico
675 1212 687 1218 -
698 1183 925 1243 compressa
934 1184 1189 1242 (praesertim
1201 1182 1400 1235 feminae)
1412 1191 1653 1223 mucronata
1663 1178 1731 1220 est.

349 1246 471 1286 Pedes
503 1244 822 1298 antennifhrmes
852 1244 1042 1284 omnium
1076 1241 1292 1300 gracillimi
1321 1238 1498 1282 brachiis
1529 1235 1734 1284 fimillimi,

232 1301 305 1344 nisi
324 1302 437 1360 quod
452 1297 691 1355 breviores,
720 1301 765 1343 <Sc
781 1299 863 1344 basi
883 1316 968 1342 non
986 1300 1236 1346 mucronati,
1271 1296 1441 1340 articulo
1466 1307 1606 1339 autem
1632 1290 1734 1338 bafi-

232 1360 303 1402 lari
319 1360 556 1418 geminato,
588 1371 818 1417 quartoque
834 1360 877 1400 in
895 1360 1010 1416 apice
1030 1354 1249 1399 accessorio
1273 1353 1553 1398 instructiores
1574 1351 1676 1394 sunt.

350 1418 500 1458 Pedum
532 1417 799 1472 cnrl‘oriomm
830 1431 903 1474 par
935 1417 1116 1474 primum
1150 1409 1525 1456 antennisormibus
1553 1409 1736 1457 breviuS‚

263 1486 396 1516 raeter
415 1475 551 1516 femur
566 1474 609 1515 <83
629 1473 785 1521 tibiam,
818 1475 933 1530 apice
953 1471 1167 1530 spinosam,
1198 1470 1385 1513 constans
1404 1466 1636 1514 metatarso,
1658 1478 1737 1507 tar-

233 1490 359 1590 soque
379 1531 756 1589 quadriarticulato,
787 1528 974 1588 spinosis,
1007 1531 1358 1587 terminatumque
1378 1526 1612 1585 unguiculis
1626 1522 1737 1568 binis

234 1589 376 1633 lobulo
396 1587 533 1630 subtus
549 1587 659 1630 fultis
684 1588 777 1644 (fig.
801 1600 835 1633 8.
852 1589 914 1642 c.)
1428 1628 1440 1633 ,

348 1648 535 1688 Az'terum
553 1661 627 1704 par
642 1647 767 1703 priori
783 1644 931 1696 limile,
961 1644 1029 1688 sed
1049 1644 1186 1686 minus
1201 1641 1427 1701 spinosum3
1464 1641 1632 1682 tertium
1648 1638 1737 1681 lon-

234 1705 326 1762 gius
342 1703 705 1761 praecedentibus,
736 1701 829 1745 setis
850 1703 945 1745 loco
961 1702 1166 1760 spinarum
1185 1698 1438 1743 instructum.

349 1761 463 1814 Herses
487 1761 643 1816 pedum
663 1760 935 1803 curl'oriorum
955 1776 1028 1818 per
1046 1760 1159 1817 paria
1179 1760 1399 1815 didymae,
1429 1756 1524 1813 (fig.
1543 1764 1580 1805 8.
1601 1754 1669 1809 9.)
1694 1751 1740 1795 <Sc

236 1819 391 1860 articuli
424 1818 610 1861 baffi-ares
638 1820 762 1867 terni,
800 1820 840 1860 in
869 1819 1006 1875 primo
1036 1833 1134 1875 pare
1162 1816 1382 1859 obscurius.
1453 1819 1497 1856 ln
1521 1810 1740 1870 postremis

235 1875 410 1934 pedibus
442 1878 736 1931 Appendicwlize
769 1875 1013 1933 singulares,
1060 1874 1393 1922 flabelliformes,
1438 1870 1740 1930 pedunculatae

201 1960 205 1967 «
235 1935 426 1992 utrinque
448 1936 617 1991 quinae:
651 1935 735 1976 duo
751 1935 791 1975 in
810 1932 892 1991 ipsa
908 1932 1009 1982 basi,
1044 1933 1221 1975 totidem
1239 1933 1280 1974 in
1299 1932 1471 1974 articulo
1487 1926 1643 1973 bafilari
1660 1926 1739 1985 pri-

236 2006 330 2039 mo,
362 1990 405 2032 ὄι
423 1993 542 2033 unica
563 1993 604 2033 in
623 1990 801 2034 secundo
827 1991 923 2047 (fig,
944 2001 980 2040 8.
1001 1995 1037 2034 (ι’.
1056 1993 1135 2045 91)-

352 2050 558 2090 Abdomen
582 2048 772 2091 oblonoo
795 2062 987 2100 ovatum,
1018 2049 1172 2108 postice
1198 2045 1378 2095 crassius,
1408 2043 1561 2104 gryseo
1584 2043 1738 2085 cinera-

231 2105 364 2154 scens,
394 2107 531 2156 molle,
561 2105 676 2164 supra
691 2087 1002 2166 gffaberrimum,
1031 2104 1307 2164 compositum
1323 2104 1549 2163 segmentis
1567 2114 1738 2147 novem,

237 2162 380 2206 sensim
400 2163 650 2214 minoribus,
680 2178 844 2224 praeter
857 2164 1094 2214 terminale,
1124 2163 1339 2222 papillam,
1371 2163 1477 2205 rima
1496 2160 1564 2203 ani
1586 2160 1628 2200 in
1651 2171 1737 2199 me-

238 2222 309 2265 dio
328 2220 595 2279 perforatum.
854 2217 881 2235 '⁰
1555 2217 1739 2272 Segmen-
