2032 2732
605 237 758 296 W
844 237 979 292 (19)
1058 234 1227 294 ἒὴαᾷ

137 336 224 380 rosa
249 346 328 381 vot.
344 352 377 380 υ.
406 336 556 379 diuum
573 337 613 378 &
629 335 755 390 figura
783 334 890 376 Tab,
910 334 970 376 111.
989 348 1038 376 12.
1057 334 1108 377 ad
1124 334 1154 375 B
1172 332 1325 393 adjee’ca,
1336 331 1401 374 estss
1418 354 1474 361 —-
1488 336 1509 378 'f
1530 329 1707 375 Mustio.-

139 395 243 437 ribus
263 395 470 436 biennibus
489 407 607 448 atque
625 390 846 433 triennibus
873 392 1049 433 maculae
1075 389 1210 432 senfim
1238 392 1467 446 paucioreS,
1499 389 1707 442 mag-isque

135 463 265 505 vagae
283 449 530 493 obffileseunt
546 450 586 491 &
603 448 682 499 jam
700 446 870 489 secunda
891 448 1037 502 hyeme
1055 445 1234 503 masculis
1255 446 1394 493 dentes
1420 444 1597 498 pollicari
1616 445 1706 498 plus

140 511 271 548 minus
291 507 535 562 longitudine
553 506 799 559 prominent,
832 504 958 545 cauda
982 516 1117 545 autem
1143 517 1335 545 verrucae
1351 500 1481 544 nudae
1500 500 1637 551 instar,
1667 501 1708 542 in

137 577 227 605 area
252 564 357 605 nuda
381 559 597 617 unguinosa
634 562 855 615 prominet,
871 607 873 613 ¹
891 561 932 601 δε
956 559 1157 601 folliculus
1184 558 1378 614 insignem
1401 560 1510 604 ,intus
1540 558 1709 598 crustam

139 623 351 675 magmatis
369 619 521 660 odorati
540 619 767 673 generavit,
797 630 900 671 quae
917 628 1043 657 aetate
1067 614 1205 656 sensim
1229 628 1425 670 augetur,
1438 638 1441 641 <
1456 615 1627 655 maxime
1645 626 1710 654 an-

140 678 244 718 nosis
262 689 394 717 autem
411 675 543 716 denuo
563 673 720 714 videtur
737 674 931 722 imminui,
990 672 1052 712 Ex
1067 671 1226 712 bimulis
1249 670 1592 725 adultioribusque
1616 683 1711 710 non-

140 733 270 774 nullos
279 730 462 788 folliculis*
479 729 628 772 crebris
647 728 718 778 sub
739 729 841 784 pelle
860 730 1052 783 tergoris,
1083 724 1208 781 Oeftri
1225 728 1373 769 larvam
1400 725 1708 777 continentibus,

139 787 310 830 obsessos
329 790 472 829 inveni.
490 811 547 817 —
602 786 823 839 Annosiora
839 785 1019 839 animalia
1039 783 1347 839 emagnitudine
1364 783 1608 838 &pondere,
1625 795 1708 837 quo

141 860 244 887 xxx.
262 848 386 886 immo
405 857 532 887 xxxv.
549 842 669 884 libras
686 854 857 896 aequare
875 842 1020 892 solent,
1048 854 1133 883 turn
1152 839 1304 882 adtritis
1323 838 1512 885 dentibus
1532 840 1710 893 primori-

137 902 216 943 bus
230 900 537 956 dignoscuntur,
560 901 601 941 Sc
618 912 699 940 tota
719 900 959 953 plerumque
982 896 1304 952 fusco-nigrent,
1327 909 1485 952 praeter
1502 894 1611 937 albas
1634 893 1708 935 sub

140 958 244 1000 collo
260 957 417 1009 fascias,
447 970 549 1012 quae
570 957 611 997 &
629 953 731 1010 ipsae
750 957 899 1006 minus,
931 968 1052 1010 quarn
1077 956 1117 994 in
1144 952 1368 1006 junioribus
1380 986 1396 1005 ,v
1422 952 1624 1006 elegantes
1643 964 1710 1005 ap-

143 1027 296 1069 parent.
317 1039 372 1043 —
427 1013 529 1054 Sunt
547 1012 644 1054 haec
661 1012 711 1053 de
728 1011 912 1066 hyberno
932 1011 1075 1053 vellere
1095 1009 1372 1064 intelligenda3
1400 1008 1592 1050 aestivum
1610 1021 1708 1049 nun-

143 1084 265 1126 quam
283 1069 364 1125 ipse
382 1069 484 1124 vidi,
514 1067 579 1111 sed
596 1070 731 1123 accepi
750 1082 771 1109 a
789 1067 1044 1109 venatoribus
1060 1082 1081 1108 e
1099 1064 1242 1122 gryseo
1267 1065 1531 1118 rufescentem
1548 1064 1643 1116 effe,
1667 1064 1708 1106 δε

141 1127 317 1170 maculas
333 1127 535 1176 juniorum
552 1138 647 1167 tunc
670 1123 890 1180 pallescere.
907 1149 962 1153 —
1016 1125 1059 1165 In
1078 1137 1253 1165 extrema
1271 1123 1333 1164 illa
1350 1135 1475 1164 aetate
1490 1121 1627 1163 dentes
1645 1133 1710 1162 us-

142 1197 224 1238 que
247 1182 298 1224 ad
325 1182 604 1236 tripollicarem
630 1180 696 1222 seu
726 1179 966 1222 transversae
992 1180 1151 1234 palmae
1172 1179 1464 1234 longitudinem
1485 1176 1622 1219 senfim
1645 1191 1708 1218 ex-

140 1238 339 1290 crescunt,
369 1238 438 1279 nisi
457 1237 677 1293 pugnando
702 1236 925 1278 detruncati
951 1234 1120 1289 fuerint,
1157 1234 1313 1277 feminis
1338 1249 1434 1277 tunc
1460 1237 1576 1276 etiam
1600 1235 1710 1275 mini-

142 1310 233 1339 mus
251 1295 475 1337 denticulus
492 1293 654 1335 obtusus
672 1296 711 1335 in
728 1293 870 1336 codem
882 1294 970 1334 loco
982 1295 1232 1347 prorumpit,
1264 1294 1331 1333 vix
1348 1291 1547 1334 dimidiam
1564 1291 1710 1332 lineam

140 1366 253 1394 extra
269 1353 454 1407 gingivas
472 1351 715 1406 expleturus,
772 1350 976 1391 Seniorem
996 1347 1435 1400 ejusmodifoeminam,
1466 1360 1550 1390 toto
1569 1360 1711 1402 corpo-

140 1422 186 1452 re
204 1408 350 1465 pallido
367 1408 590 1460 albentem,
615 1410 813 1462 integram
835 1405 977 1458 habui,
1000 1418 1044 1447 ut
1063 1406 1104 1448 ὅτ
1130 1405 1276 1460 pellem
1302 1407 1421 1446 maris
1446 1409 1563 1446 etiam
1581 1406 1708 1458 magis

140 1465 359 1508 candidam.
417 1464 556 1506 Ambo
576 1467 614 1505 in
633 1463 827 1505 Saianensi
846 1465 1011 1518 regione
1028 1475 1142 1518 capta
1162 1463 1275 1504 fuere
1302 1462 1371 1503 ubi
1395 1459 1478 1503 fere
1498 1462 1709 1516 quotannis

140 1523 239 1566 haec
255 1520 487 1565 observatur
505 1521 648 1563 eoloris
665 1522 854 1571 varietaS,
882 1533 985 1574 quae
1013 1519 1176 1574 probat:
1207 1521 1369 1560 exuvias
1399 1516 1555 1560 Moschi
1579 1518 1709 1558 varias

143 1594 165 1621 e
182 1579 352 1633 Tybeto
380 1592 451 1633 per
475 1577 626 1619 Indiam
653 1579 692 1618 in
715 1578 922 1631 Europam
948 1575 1116 1628 adlatas,
1151 1574 1369 1616 stcundum
1393 1588 1492 1629 quas
1508 1573 1709 1615 albentem

140 1636 253 1677 vario
271 1634 400 1690 gradu
420 1635 595 1676 colorem
613 1634 706 1676 huic
724 1635 877 1674 animali
897 1632 1124 1674 tribuerunt
1141 1631 1344 1684 austores,
1361 1630 1570 1686 ipsumque
1587 1630 1709 1672 D’Aua

145 1705 362 1734 BENTONO
378 1689 618 1746 descriptum
630 1689 845 1731 Moschum
855 1691 1002 1741 vivum,
1019 1702 1095 1744 pro
1115 1690 1264 1730 rariore
1284 1690 1401 1730 etiam
1419 1689 1458 1728 in
1469 1687 1512 1727 T
1515 1686 1638 1742 ybeto
1647 1699 1709 1729 va-

140 1751 279 1790 rietate
307 1747 444 1790 haberi
469 1747 598 1802 posse,
633 1749 755 1788 immo
781 1746 886 1788 sorte
911 1747 1068 1787 raritate
1092 1743 1274 1786 indu5³ms
1303 1744 1496 1786 barbaros
1529 1743 1709 1785 exalbida

143 1804 337 1858 ejusmodi
356 1803 533 1845 animalia
554 1806 706 1859 potiUS,
729 1817 850 1859 quam
870 1802 1072 1858 vulgaria,
1101 1803 1216 1842 nimis
1233 1801 1323 1842 vilia
1340 1802 1430 1856 ipsis
1442 1798 1540 1851 visa,
1559 1797 1709 1842 conser-

140 1863 302 1903 vatione
319 1861 437 1916 digna
453 1859 636 1902 censuisse
654 1861 695 1902 8<
714 1860 764 1902 sic
781 1859 833 1901 ad
855 1859 1091 1914 Europaeos
1107 1871 1348 1900 mercatores
1373 1857 1563 1898 advexisse
1588 1854 1711 1898 credi-

142 1917 223 1959 bile
240 1918 306 1959 est.
363 1916 446 1973 lpse
463 1920 624 1959 exuvias
641 1916 839 1963 eiusmodi
857 1914 1024 1967 albidas,
1056 1930 1077 1957 e
1101 1913 1319 1969 fragrantia
1344 1913 1506 1955 folliculi
1532 1926 1606 1969 pro
1623 1912 1712 1966 Ty-

142 1974 296 2016 betanis
312 1972 598 2029 agnoscendas,
627 1972 815 2015 Moscuae
832 1974 870 2013 in
887 1972 1003 2013 horto
1023 1972 1347 2027 pharmaceutico
1364 1969 1464 2022 vidi,
1495 1983 1597 2024 quae
1613 1967 1710 2010 nihil

143 2044 167 2072 a
183 2030 355 2071 Sibiricis
373 2028 502 2071 forma
519 2031 560 2072 &
576 2030 657 2085 pilo
678 2028 925 2072 differebant.
982 2028 1182 2071 SEGssRus
1205 2041 1303 2070 vero
1323 2028 1363 2068 &
1380 2027 1709 2069 BARTHOLlNus

145 2087 411 2142 Tybetanum
426 2083 659 2138 Moschum,
692 2087 733 2128 81
749 2087 1084 2128 I-IALLERSTmN
1108 2083 1309 2126 Sinensem
1334 2081 1621 2137 descripserunt
1648 2094 1710 2121 co-

145 2143 232 2185 lore
249 2143 387 2194 talem,
413 2142 538 2197 qualis
557 2141 746 2183 Sibiricus
764 2142 890 2197 vulgo
909 2139 984 2182 effe
1008 2139 1114 2182 solet.
1188 2141 1408 2198 Quumque
1437 2137 1599 2193 gryseo-
1613 2139 1713 2178 cine-

145 2198 320 2240 rascente
339 2199 400 2241 vel
419 2196 691 2239 obsoletiffime
710 2196 821 2239 fusco
842 2198 976 2239 colore
993 2210 1073 2239 non
1093 2195 1310 2238 admodum
1328 2209 1419 2237 raro
1430 2198 1468 2235 in
1486 2196 1600 2236 variis
1617 2192 1712 2233 Sibi-

144 2258 227 2298 riae
251 2255 354 2310 ⁴locis
390 2253 528 2296 ludant
566 2252 716 2296 Moschi
727 2268 738 2308 3
785 2267 834 2296 ne
866 2252 1014 2349 (glore
1041 2251 1205 2308 quidem
1246 2251 1488 2306 Tybetanus
1522 2247 1714 2345 Moschuls

949 2322 971 2349 2
1628 2319 1712 2346 vu·
