2032 2732
611 258 793 317 ’ΜΨ
912 260 1094 313 (9)
1213 259 1381 318 ’ἑξ-»ὥ

242 372 357 401 mam
378 356 517 401 Aliam
546 356 599 398 ad
621 355 742 398 Mare
768 352 893 413 usque
914 353 1058 396 Eoum
1084 356 1372 413 pervadentis,
1403 358 1612 417 variisque
1636 364 1676 413 ju
1712 372 1746 404 is

243 432 319 475 per
365 416 560 458 l'atariam
599 427 818 472 magnam,
844 412 897 454 ad
934 412 1083 461 lndos,
1115 413 1159 455 ὄι
1197 415 1240 456 in
1279 413 1463 458 Chinam
1490 373 1743 475 exporreegki.

243 476 374 517 Amat
398 471 481 514 hoc
505 471 657 513 animal
681 471 1000 527 temperatiores
1029 471 1246 529 regiones,
1286 471 1354 515 sed
1385 488 1523 533 neque
1549 475 1742 534 frigidam

241 531 470 576 Orientalis
494 527 673 571 Sibiriae
699 529 867 587 plagam
900 527 1074 576 recusat,
1111 529 1346 573 dummodo
1372 529 1448 574 sint
1478 546 1645 577 montes
1671 551 1745 579 ex-

241 588 355 636 celsi,
385 586 438 630 ab
456 588 575 629 omni
600 584 718 644 sylva
744 586 962 634 denudati,
999 585 1070 628 ubi
1094 586 1264 643 rupibus
1292 590 1438 646 apricis
1462 593 1650 635 maxime
1673 594 1743 637 de-

241 642 435 693 letitatur,
477 644 696 687 dulcedine
718 643 957 702 praesertim
986 641 1148 700 pabuli,
1186 645 1301 703 quod
1328 646 1495 703 plantae
1518 662 1743 695 montanae

237 702 500 761 virgultaque
517 702 712 760 rupestria
728 701 948 760 praebent,
980 698 1188 743 allectum.
1245 702 1527 747 Solitudinem
1546 708 1745 759 (adinstar

238 760 358 804 lbicis
383 759 427 802 ὅι
448 761 727 818 Rupicaprae,
759 774 916 818 genere
934 760 1045 801 vitae
1062 757 1361 802 simillimorum
1380 762 1660 819 anima'ium‚)
1677 766 1745 810 ab.

204 862 209 865 ,
238 817 410 861 solutam
428 820 607 876 quaerit,
637 818 812 878 locaque
837 816 1082 860 hominibus
1106 817 1214 859 culta
1237 818 1306 861 vel
1332 817 1565 878 frequentia
1600 821 1744 867 senfim

238 877 471 935 dereliquit.
535 877 687 936 Neque
713 877 756 918 in
783 874 919 918 insulis
943 875 1084 918 Italiae
1107 874 1177 917 vel
1205 875 1358 919 Cretae
1385 877 1598 923 montibus
1617 879 1747 925 hodie

237 934 350 976 forte
366 933 582 990 superesset
601 933 707 976 haec
734 934 982 991 progenies,
1018 933 1062 974 ni
1085 932 1376 976 circumfusum
1400 949 1578 994 aequor,
1615 940 1746 997 impe-

237 993 322 1034 dita
338 990 457 1048 fuga,
487 992 630 1034 medio
650 993 756 1033 inter
774 992 881 1033 culta
900 990 996 1031 loco
1017 990 1059 1031 in
1078 988 1248 1047 rupibus
1268 989 1527 1036 securitatem
1544 1010 1746 1054 quaerere

239 1048 444 1107 coegisset.
458 1074 512 1079 —
572 1050 692 1092 Olim
709 1049 751 1090 in
770 1046 1013 1106 regionibus
1031 1048 1137 1089 circa
1153 1046 1360 1105 superiora
1380 1052 1465 1093 lrtis
1481 1050 1596 1095 fluvii
1617 1056 1745 1097 etiam

236 1108 343 1149 intra
360 1104 542 1148 Rufficos
560 1105 665 1148 fines
682 1121 755 1163 per
771 1104 1042 1164 confragosos
1062 1105 1189 1147 colles
1215 1105 1267 1148 ab
1297 1108 1495 1152 Aurifero
1514 1113 1618 1169 jugo
1640 1112 1744 1171 spar-

237 1161 302 1206 sos
325 1162 562 1221 vagabatur.
637 1163 912 1221 Posteaquam
936 1177 1040 1205 vero
1064 1162 1130 1204 illa
1154 1163 1245 1205 loca
1268 1166 1538 1211 munimentis
1565 1167 1745 1214 obsideri

238 1221 483 1279 colonisque
501 1222 604 1263 arari
628 1233 858 1278 coeperunt
872 1252 883 1268 ‚
923 1219 1144 1278 Argalides
1165 1220 1232 1262 illa
1244 1222 1367 1278 plane
1384 1223 1670 1275 deseruerunt,
1688 1229 1747 1268 in-

271 1294 322 1322 ue
338 1279 682 1322 altioresmontes
693 1278 949 1336 Songaricae
959 1277 1186 1320 solitudinis
1204 1278 1413 1323 recessere.
1473 1283 1567 1325 Reli
1600 1297 1749 1329 uerunt

238 1294 284 1379 gc
306 1338 465 1394 apricos
483 1349 651 1379 montes
663 1338 769 1379 cirta
785 1337 1039 1394 superiorem
1051 1348 1215 1394 partem
1230 1336 1417 1391 Jeniseae
1435 1299 1747 1385 &AbaiIkanum

236 1394 412 1437 fluvium
428 1393 523 1437 sitos
597 1395 816 1452 Tempore
838 1409 924 1453 quo
954 1393 1458 1440 MESSERSCHMmms
1492 1399 1535 1441 in
1559 1399 1748 1443 Davuria

269 1450 582 1511 eregrinabatur
606 1458 741 1501 (circa
770 1454 851 1494 An.
876 1457 1018 1504 ¹724·)
1054 1452 1096 1492 in
1125 1451 1374 1509 rupestribus
1406 1455 1514 1499 circa
1538 1457 1748 1515 lngodam

238 1468 434 1558 fiuvium,
464 1510 553 1551 imo
569 1510 620 1551 ad
639 1510 869 1567 Selengam
887 1523 1057 1569 quoque
1076 1523 1232 1552 eumve
1248 1510 1469 1556 influentes
1496 1512 1650 1558 fluvios
1673 1516 1745 1560 ab·

238 1568 350 1610 unde
369 1579 456 1610 erat
473 1567 636 1610 Ovium
656 1566 855 1616 ferarum,
885 1567 956 1609 ubi
982 1581 1052 1609 me
1077 1582 1153 1625 per
1179 1567 1250 1610 ista
1271 1569 1363 1612 loca
1386 1571 1465 1615 iter
1490 1571 1671 1617 faciente
1691 1589 1747 1617 ne

239 1624 349 1668 fama
377 1624 549 1684 quidem
574 1624 727 1667 horum
753 1624 991 1667 animalium
1025 1624 1237 1682 superfuit;
1281 1628 1499 1688 nullusque
1524 1642 1637 1673 trans
1658 1633 1746 1674 ssa'i‘-

238 1683 378 1727 kalem
406 1683 540 1724 lacum
565 1681 695 1725 hodie
727 1683 842 1725 locus
874 1681 1070 1740 superest,
1122 1681 1193 1725 ubi
1220 1684 1489 1729 venatoribus
1514 1701 1746 1740 occurrunt,

238 1756 365 1800 quam
389 1753 582 1782 extrema
611 1741 798 1783 Davuria
825 1738 965 1782 ruffica
989 1741 1098 1782 inter
1125 1740 1334 1785 Ononem
1359 1743 1404 1786 <Sc
1429 1745 1654 1803 Argunurn
1669 1744 1744 1788 flu-

237 1806 353 1855 vios,
383 1804 455 1848 ubi
470 1803 613 1863 paffim
629 1807 750 1864 regio
766 1805 888 1847 nudis
902 1805 1077 1862 scopulis
1095 1806 1248 1849 mirum
1264 1809 1306 1850 in
1330 1809 1507 1852 modum
1531 1809 1748 1869 exaspera-

238 1882 298 1921 ta,
329 1868 445 1911 fimul
467 1870 599 1912 laetae
624 1872 728 1913 inter
752 1882 972 1928 praerupta
999 1870 1211 1914 convalles
1237 1871 1460 1930 gratissima
1486 1875 1564 1918 illis
1589 1874 1748 1934 pascua,

238 1945 434 1993 tutosque
450 1932 623 1976 recessus
643 1935 869 1993 praebent:
905 1933 1046 1993 ibique
1064 1934 1108 1977 ὄε
1128 1935 1232 1978 mihi
1249 1950 1393 1996 optata
1417 1939 1487 1982 diu
1512 1941 1662 1984 accidit
1679 1958 1747 1985 oc·

240 1998 366 2047 casio,
397 2012 442 2041 ut
463 1998 661 2042 rariffimo
687 1999 821 2043 hocce
837 2000 1016 2042 animale
1032 2001 1200 2057 potirer.
1259 2002 1333 2045 Ex
1350 2003 1482 2047 occisa
1501 2004 1560 2048 ibi
1580 2005 1616 2049 F
1618 2008 1743 2050 emel-

238 2061 277 2104 la
294 2061 432 2103 adulta
452 2075 547 2102 cum
566 2067 713 2120 Agno,
745 2063 842 2105 dein
857 2077 879 2105 e
899 2060 1057 2105 seniore
1079 2063 1225 2106 Ariete
1240 2063 1353 2115 fero,
1384 2067 1455 2125 qui
1471 2067 1525 2110 ad
1542 2068 1643 2111 Irtin
1660 2068 1752 2112 fue«

239 2135 301 2166 rat
325 2135 488 2180 captus,
524 2122 684 2180 aliaque
715 2125 824 2184 pelle
853 2126 1028 2178 junioris
1061 2125 1219 2168 Arietis
1255 2128 1528 2187 integerrima
1562 2145 1586 2173 e
1618 2130 1744 2172 Karn-

244 2184 429 2229 tschatka
464 2183 709 2235 transmissa,
752 2189 874 2232 variis
907 2189 1088 2250 denique
1112 2191 1327 2235 variorum
1366 2193 1554 2247 eJ'usdem
1581 2191 1743 2251 speciei,

329 2250 459 2305 spicil.
487 2249 599 2292 Zool.
624 2249 726 2308 Fcffc.
747 2253 821 2296 XI.
1048 2303 1059 2305 „
1125 2255 1157 2297 B
1590 2260 1745 2302 anima-
