2032 2732
672 231 853 287 Qoss‘
973 235 1183 287 (56)
1300 231 1482 289 Qvi&

388 327 588 375 Distantia
608 327 717 370 inter
741 328 880 386 apices
1099 354 1156 359 -w

386 384 738 433 Circumferentia
763 383 845 428 bass
1099 412 1158 418 --

385 445 589 490 Latitudo
607 441 688 487 bafi
805 469 862 475 —-
1097 470 1154 476 -—-

385 500 596 551 Craffities
615 503 714 544 item
809 527 866 533 -—
1097 527 1154 534 ..-

385 560 638 619 Longitudo
657 561 816 602 aurium
836 560 888 603 ad
907 561 1111 604 verticem

381 618 731 667 Circumferentia
749 618 865 661 rostri
883 619 935 661 ad
952 634 1074 662 nares
1097 646 1153 650 —

439 705 497 710 —
555 678 699 735 capitis
721 689 818 719 ante
838 675 950 720 basm
971 691 1175 720 cornuum

440 762 498 768 -—
558 736 717 777 aurium
737 733 820 776 bafi
1095 761 1152 766 —-

381 793 630 840 Eorundem
648 792 822 834 latitudo
838 793 881 834 in
897 792 1041 835 medio
1099 818 1157 824 -

380 850 730 900 Circumferentia
761 850 857 891 colli
1098 875 1155 881 —

437 936 495 942 —-
554 908 737 951 thoracis
757 907 811 949 ad
828 922 967 949 armos
1098 933 1155 938 ———

437 992 494 999 —-
610 991 668 996 —
726 966 767 1007 in
791 965 935 1007 medio
952 978 1100 1008 trunco

378 1027 492 1070 Axis
508 1023 860 1083 perpendicularis
883 1022 1063 1066 thoracis
1097 1048 1155 1054 —

380 1084 574 1129 Altitudo
593 1082 780 1124 animalis
800 1082 947 1130 antica,
967 1096 991 1124 a
1009 1080 1122 1139 spina
1141 1081 1194 1124 ad
1212 1081 1369 1126 calcem

438 1168 495 1173 -—-
612 1166 670 1170 —
728 1139 882 1198 postica
1010 1169 1021 1178 -
1093 1164 1151 1170 —

384 1199 626 1257 Longitudo
644 1197 809 1240 humeri
1095 1221 1153 1227 -—
1172 1241 1188 1244 -
1731 1217 1745 1243 1

435 1284 494 1291 -——
610 1254 769 1300 brachii
803 1281 862 1286 -—
1094 1280 1152 1286 —

436 1340 493 1348 --
610 1312 787 1372 gunbae
805 1313 856 1356 ad
874 1312 1129 1371 phalangum
1154 1313 1266 1355 artic.

434 1399 492 1405 «-
609 1371 827 1430 phalangis
849 1372 901 1413 ad
917 1363 1131 1414 articfilum
1145 1371 1324 1429 ungulae

434 1457 491 1462 -—
607 1428 659 1472 ab
683 1429 854 1471 articulo
869 1430 1050 1487 ungulae
1068 1429 1121 1472 ad
1139 1431 1305 1487 apicem

382 1487 580 1532 Altitudo
598 1487 846 1544 ungularum
867 1490 1003 1530 antlce
1091 1513 1148 1518 —

374 1545 625 1604 Longitudo
642 1560 716 1601 per
738 1545 891 1587 soleam
1031 1568 1035 1572 <
1092 1570 1148 1575 —-

376 1604 644 1662 Ungularum
669 1600 890 1660 spuriarum
910 1602 1131 1661 longitudo

593 1660 766 1702 latitudo
785 1659 943 1702 summa
1089 1684 1146 1691 -——

603 1716 793 1760 craffitles
815 1718 1048 1760 eorundem
1088 1744 1146 1749 —

371 1776 725 1822 circumferentia
744 1777 848 1817 armi
868 1777 920 1818 ad
937 1775 1122 1818 cubitum

604 1833 848 1876 antlbrachii
866 1833 1046 1892 superius

600 1917 656 1920 —
774 1891 825 1932 ad
843 1907 955 1949 genu

601 1946 721 2004 ipsms
743 1963 856 2005 genu

601 2006 779 2061 gambae
794 2031 850 2035 —-

600 2062 713 2105 bulbi
732 2063 849 2125 pellis

429 1745 486 1751 1
419 1688 475 1693 l

1081 1858 1143 2093 lllll

1370 411 1448 2209 llllllllllllllllllllllllllllllll

1543 343 1606 2220 ,οςοφρρφρτφφφρφρφφρφιοιοτῳῳτρφι-ρφφρφο

426 1861 486 2210 lllllll

599 2121 714 2178 pedis
733 2122 838 2162 inlra
861 2135 958 2184 ung.
981 2118 1130 2178 spurias
1743 2138 1779 2175 5.

598 2178 845 2235 ungularum
862 2176 945 2221 ban
1084 2203 1139 2211 --·
1743 2190 1804 2232 221..

1672 2251 1816 2278 ltcum-
