2032 2732
688 264 861 325 περ
976 266 1211 324 (48)
1325 266 1496 326 W

327 359 410 405 solo
430 358 532 402 callo
555 358 693 402 medio
719 360 885 402 cordato
905 370 948 401 et
964 358 1144 415 apicibus
1164 358 1388 414 digitorum
1414 359 1548 402 nudis.
1611 361 1768 418 Ungues
1782 361 1858 404 sor-

329 418 424 461 dide
443 417 592 473 pal-lidi,
619 418 712 472 pilis
728 416 984 473 longiusculis
1000 417 1298 459 circumvallati.

445 475 578 516 Gauda
595 473 841 531 longitudini
857 474 1040 532 corporis
1059 473 1394 530 subsesquitripla,
1418 487 1597 531 corpore
1620 475 1797 518 villosior
1820 487 1860 519 et

329 533 499 589 nigrior,
529 545 644 574 teres.

448 587 581 630 Vellus
598 589 749 631 laevisf
751 603 881 637 mum
909 589 1070 631 n1t1d1ss
1058 603 1203 641 mum,
1233 588 1322 645 pilis
1346 589 1453 630 γῑκ3
1431 617 1458 642 3
1474 589 1631 645 pollicis
1644 590 1863 645 superanti-

330 647 421 699 bus,
450 645 603 688 [utrae
621 647 902 689 lubaemulum
917 647 1107 703 lanugine
1126 646 1259 688 fusco·
1270 647 1430 688 cinerea
1448 645 1617 688 foetum.
1678 645 1790 689 Color
1803 645 1864 689 fu·

333 705 432 755 scus,
461 704 525 745 vel
536 704 743 746 castaneo
754 704 996 759 nigrescens,
1029 703 1164 746 subtus
1190 703 1400 758 (lanugine
1421 703 1866 758 praedominans-,mob-

333 762 510 816 soletius3
547 773 654 802 artus
677 761 888 816 caudaque
912 761 1106 815 nigriora.
1163 759 1341 801 Lahium
1363 760 1546 814 superius
1562 774 1584 801 a
1599 761 1693 802 naso
1706 761 1761 802 ad
1778 774 1865 816 my-

334 819 476 869 staces,
520 818 681 859 maxilla
711 815 881 859 inferior
910 830 1039 871 paene
1071 828 1152 857 tota
1186 816 1314 870 usque
1338 816 1389 857 ad
1417 815 1541 857 rietus
1568 817 1737 872 angulos
1764 818 1865 860 alba.

334 875 476 919 Litura
490 888 617 929 parva
634 874 721 915 alba
732 874 806 915 sub
822 873 938 924 colio,
968 872 1088 928 paulo
1107 885 1197 913 ante
1221 872 1414 914 sternum.

445 933 557 972 Anus
579 930 629 971 ad
655 930 824 971 caudam
844 930 1020 994 limatus,
1051 930 1236 985 margine
1250 929 1404 984 postico
1423 929 1593 985 rug0103
1632 926 1754 971 vulva
1775 943 1866 985 pro

334 990 445 1030 xime
467 999 557 1028 ante
582 1000 705 1028 anum
731 989 966 1030 connivens
1011 986 1148 1028 lobulo
1173 998 1288 1028 extus
1315 986 1441 1042 piloso
1475 1001 1525 1041 pl
1528 984 1672 1036 otei-lta,
1714 987 1756 1027 in
1783 1000 1867 1042 quo

336 1047 443 1088 intus
475 1043 701 1093 caruncula,
743 1043 932 1085 urethrae
957 1056 1144 1098 apertura
1176 1055 1322 1084 notata.
1389 1040 1570 1098 Papillae
1591 1057 1869 1085 mammarum

335 1102 484 1145 vellere
501 1101 680 1151 lat-entes,
712 1100 843 1142 areola
868 1100 977 1143 nuda
995 1101 1063 1141 vix
1086 1100 1175 1150 ulla,
1201 1113 1345 1142 omnes
1372 1099 1661 1148 abdominales,
1686 1114 1708 1141 a
1724 1100 1868 1142 dextro

336 1159 457 1202 latere
480 1172 574 1207 tres,
604 1172 626 1199 a
652 1157 802 1201 finistro
822 1170 1001 1213 quatuor
1027 1158 1255 1212 postremae
1278 1157 1503 1213 inguinales
1529 1156 1747 1213 oppositae,
1778 1157 1868 1199 reli-

338 1231 407 1273 qu
397 1231 441 1258 ie
457 1217 498 1258 in
517 1216 767 1271 quincunces
787 1213 871 1257 fere
889 1215 1106 1256 ordinatae,

697 1353 1507 1422 MENSURAE.

342 1457 520 1528 Pondus
535 1484 711 1528 feminae
728 1487 963 1542 praesertim
978 1500 1058 1542 pro
1074 1485 1344 1541 descriptione
1363 1484 1577 1538 adhibitae,
1607 1483 1713 1526 circa
1737 1481 1870 1527 fontes

340 1544 424 1587 Sok
440 1543 552 1585 fluvii
570 1557 720 1599 captae,
750 1545 964 1586 unciarum
985 1543 1134 1584 XXlV.
1153 1557 1249 1584 cum
1268 1542 1465 1599 scrupulo.

397 1617 633 1670 Longitudo
650 1629 731 1658 tota
747 1631 769 1658 a
783 1617 875 1658 nalo
893 1617 942 1658 ad
960 1615 1068 1658 basin
1085 1616 1237 1658 caudae
1581 1615 1630 1656 ι]
1678 1629 1711 1656 ι.
1715 1615 1765 1654 ‘³1
1781 1630 1814 1656 1.
1818 1613 1854 1639 ’Ν

456 1697 498 1705 -
554 1696 597 1704 -
655 1675 793 1728 capitis
809 1688 833 1714 a
849 1674 941 1715 naso
960 1673 1008 1714 ad
1026 1672 1180 1714 tubere.
1200 1674 1332 1729 occip.
1574 1687 1616 1714 0.
1678 1687 1716 1714 2.
1773 1686 1814 1722 7.

398 1730 591 1772 Latitudo
610 1731 748 1785 capitis
772 1731 930 1772 summa
944 1730 995 1771 ad
1010 1731 1244 1785 Zygomata
1576 1744 1615 1770 0.
1682 1744 1715 1771 1.
1776 1744 1815 1779 4.

399 1785 740 1829 Circumferentia
756 1787 874 1829 rostri
1058 1810 1071 1817 -
1187 1809 1201 1817 -
1312 1809 1329 1818 ·
1576 1801 1615 1827 0.
1676 1800 1713 1826 2.
1775 1800 1812 1824 2.

408 1868 412 1873 ·
453 1867 496 1874 -
553 1866 596 1884 -.-
652 1866 694 1874 -
755 1845 897 1899 capitis
922 1843 972 1884 ad
990 1842 1129 1884 oeulos
1573 1857 1614 1883 0.
1676 1856 1717 1880 2.
1754 1857 1766 1880 1
1781 1856 1813 1881 1„

456 1922 895 1932 -----
922 1900 1028 1941 inter
1044 1899 1182 1942 oculo-s
1201 1911 1240 1941 et
1260 1912 1377 1940 aures
1577 1912 1615 1938 0.
1676 1912 1716 1946 4.
1776 1912 1814 1937 0

455 1979 498 1987 -
555 1980 597 1986 —
653 1979 696 1987 —-·
756 1957 840 1998 oris
855 1956 904 1997 ab
921 1970 1004 1998 uno
1022 1956 1172 2011 angulo
1191 1956 1241 1997 ad
1257 1955 1430 1996 alterum
1576 1969 1614 1995 0.
1682 1968 1716 1994 1.
1781 1961 1815 1997 8

398 2013 657 2055 Intervallum
682 2014 840 2054 narium
1574 2026 1614 2052 0.
1674 2024 1710 2050 ο.
1773 2025 1812 2050 2.

403 2070 595 2112 Distantia
613 2069 719 2110 oculi
736 2083 756 2110 a
774 2069 866 2110 naso
929 2089 945 2099 ·
1573 2082 1612 2109 0.
1672 2081 1712 2107 0.
1775 2077 1811 2111 8.

350 2162 364 2169 ,.
390 2167 394 2170 .
457 2150 500 2171 -,
534 2149 575 2156 -
613 2125 662 2167 ab
680 2125 798 2167 oculo
815 2125 865 2167 ad
883 2137 1024 2167 aurem
1575 2138 1614 2165 0.
1674 2137 1712 2164 0.
1774 2127 1839 2172 6}-

400 2182 551 2225 Fiss‘ura
571 2183 857 2239 palpebrarum
927 2205 941 2213 ·
1056 2203 1071 2212 ·
1186 2203 1202 2213 -
1314 2202 1329 2210 ·
1441 2198 1458 2211 ··-
1572 2194 1611 2221 0.
1671 2194 1710 2220 0.
1765 2194 1809 2229 4.

1688 2235 1865 2291 Apertu-
