<?xml version="1.0" encoding="UTF-8"?>
<!DOCTYPE html PUBLIC "-//W3C//DTD XHTML 1.0 Transitional//EN"
    "http://www.w3.org/TR/xhtml1/DTD/xhtml1-transitional.dtd">
<html xmlns="http://www.w3.org/1999/xhtml" xml:lang="en" lang="en">
 <head>
  <title>
</title>
<meta http-equiv="Content-Type" content="text/html;charset=utf-8" />
  <meta name='ocr-system' content='tesseract 3.04.00' />
  <meta name='ocr-capabilities' content='ocr_page ocr_carea ocr_par ocr_line ocrx_word'/>
</head>
<body>
  <div class='ocr_page' id='page_1' title='image "./spicilegiazoolog914pall_0273.png"; bbox 0 0 2032 2732; ppageno 0'>
   <div class='ocr_carea' id='block_1_1' title="bbox 574 250 1340 308">
    <p class='ocr_par' dir='ltr' id='par_1_1' title="bbox 574 250 1340 308">
     <span class='ocr_line' id='line_1_1' title="bbox 574 250 1340 308; baseline 0 0"><span class='ocrx_word' id='word_1_1' title='bbox 574 250 734 308; x_wconf 45' lang='lat' dir='ltr'>Qssa</span> <span class='ocrx_word' id='word_1_2' title='bbox 851 251 1065 305; x_wconf 73' lang='grc' dir='ltr'>(ιι)</span> <span class='ocrx_word' id='word_1_3' title='bbox 1184 252 1340 308; x_wconf 47' lang='lat' dir='ltr'>amaa</span> 
     </span>
    </p>
   </div>
   <div class='ocr_carea' id='block_1_2' title="bbox 189 343 1715 2303">
    <p class='ocr_par' dir='ltr' id='par_1_2' title="bbox 189 343 1714 985">
     <span class='ocr_line' id='line_1_2' title="bbox 190 343 1713 407; baseline 0.001 -13"><span class='ocrx_word' id='word_1_4' title='bbox 190 352 294 394; x_wconf 86' lang='lat' dir='ltr'>illius</span> <span class='ocrx_word' id='word_1_5' title='bbox 320 350 541 407; x_wconf 86' lang='lat' dir='ltr'>Antilopes</span> <span class='ocrx_word' id='word_1_6' title='bbox 567 343 646 389; x_wconf 84' lang='lat' dir='ltr'>esse</span> <span class='ocrx_word' id='word_1_7' title='bbox 669 359 819 392; x_wconf 89' lang='lat' dir='ltr'>cornu,</span> <span class='ocrx_word' id='word_1_8' title='bbox 868 360 996 406; x_wconf 89' lang='lat' dir='ltr'>quam</span> <span class='ocrx_word' id='word_1_9' title='bbox 1017 346 1124 390; x_wconf 88' lang='lat' dir='ltr'>inter</span> <span class='ocrx_word' id='word_1_10' title='bbox 1150 344 1284 389; x_wconf 91' lang='lat' dir='ltr'>boves</span> <span class='ocrx_word' id='word_1_11' title='bbox 1307 348 1403 390; x_wconf 87' lang='lat' dir='ltr'>citat</span> <span class='ocrx_word' id='word_1_12' title='bbox 1436 349 1713 396; x_wconf 66' lang='lat' dir='ltr'>Burromus</span> 
     </span>
     <span class='ocr_line' id='line_1_3' title="bbox 191 403 1714 462; baseline 0.001 -11"><span class='ocrx_word' id='word_1_13' title='bbox 191 411 327 461; x_wconf 84' lang='lat' dir='ltr'>(Tom.</span> <span class='ocrx_word' id='word_1_14' title='bbox 347 423 406 458; x_wconf 69' lang='lat'>23·</span> <span class='ocrx_word' id='word_1_15' title='bbox 424 419 462 462; x_wconf 82' lang='lat' dir='ltr'>p.</span> <span class='ocrx_word' id='word_1_16' title='bbox 487 410 595 452; x_wconf 78' lang='lat'>127.)</span> <span class='ocrx_word' id='word_1_17' title='bbox 617 418 675 445; x_wconf 86' lang='lat' dir='ltr'>ex</span> <span class='ocrx_word' id='word_1_18' title='bbox 695 403 903 445; x_wconf 87' lang='lat' dir='ltr'>itinerario</span> <span class='ocrx_word' id='word_1_19' title='bbox 923 404 965 446; x_wconf 82' lang='lat' dir='ltr'>P.</span> <span class='ocrx_word' id='word_1_20' title='bbox 986 405 1185 447; x_wconf 71' lang='lat' dir='ltr'>Vincentii</span> <span class='ocrx_word' id='word_1_21' title='bbox 1201 405 1386 455; x_wconf 57' lang='lat' dir='ltr'>sisariae,</span> <span class='ocrx_word' id='word_1_22' title='bbox 1420 407 1485 449; x_wconf 87' lang='lat' dir='ltr'>cui</span> <span class='ocrx_word' id='word_1_23' title='bbox 1507 407 1714 454; x_wconf 87' lang='lat' dir='ltr'>Mascatae</span> 
     </span>
     <span class='ocr_line' id='line_1_4' title="bbox 192 459 1712 522; baseline 0.001 -13"><span class='ocrx_word' id='word_1_24' title='bbox 192 469 234 509; x_wconf 86' lang='lat' dir='ltr'>in</span> <span class='ocrx_word' id='word_1_25' title='bbox 256 466 405 509; x_wconf 82' lang='lat' dir='ltr'>Arabia</span> <span class='ocrx_word' id='word_1_26' title='bbox 430 462 510 506; x_wconf 86' lang='lat' dir='ltr'>visa</span> <span class='ocrx_word' id='word_1_27' title='bbox 537 462 689 509; x_wconf 80' lang='lat' dir='ltr'>fuerat,</span> <span class='ocrx_word' id='word_1_28' title='bbox 720 459 857 503; x_wconf 82' lang='lat' dir='ltr'>forma</span> <span class='ocrx_word' id='word_1_29' title='bbox 878 461 1023 504; x_wconf 88' lang='lat' dir='ltr'>Cervo</span> <span class='ocrx_word' id='word_1_30' title='bbox 1047 462 1268 511; x_wconf 77' lang='lat' dir='ltr'>simillima,</span> <span class='ocrx_word' id='word_1_31' title='bbox 1298 462 1370 506; x_wconf 85' lang='lat' dir='ltr'>nifi</span> <span class='ocrx_word' id='word_1_32' title='bbox 1387 464 1562 522; x_wconf 84' lang='lat' dir='ltr'>pedibus</span> <span class='ocrx_word' id='word_1_33' title='bbox 1587 467 1712 511; x_wconf 91' lang='lat' dir='ltr'>collo-</span> 
     </span>
     <span class='ocr_line' id='line_1_5' title="bbox 192 519 1710 584; baseline 0.001 -18"><span class='ocrx_word' id='word_1_34' title='bbox 192 539 273 584; x_wconf 85' lang='lat' dir='ltr'>que</span> <span class='ocrx_word' id='word_1_35' title='bbox 303 523 424 581; x_wconf 82' lang='lat' dir='ltr'>paulo</span> <span class='ocrx_word' id='word_1_36' title='bbox 447 519 730 567; x_wconf 81' lang='lat' dir='ltr'>brevioribus,</span> <span class='ocrx_word' id='word_1_37' title='bbox 760 520 945 561; x_wconf 68' lang='lat' dir='ltr'>cornibus</span> <span class='ocrx_word' id='word_1_38' title='bbox 968 521 1106 571; x_wconf 54' lang='lat' dir='ltr'>realis,</span> <span class='ocrx_word' id='word_1_39' title='bbox 1138 537 1155 570; x_wconf 84' lang='lat'><em>3</em></span> <span class='ocrx_word' id='word_1_40' title='bbox 1181 524 1238 563; x_wconf 68' lang='grc' dir='ltr'>(ια’</span> <span class='ocrx_word' id='word_1_41' title='bbox 1261 538 1288 574; x_wconf 79' lang='lat'>4</span> <span class='ocrx_word' id='word_1_42' title='bbox 1324 524 1554 577; x_wconf 75' lang='lat' dir='ltr'>palmorum</span> <span class='ocrx_word' id='word_1_43' title='bbox 1581 526 1710 581; x_wconf 64' lang='lat' dir='ltr'>(ital)</span> 
     </span>
     <span class='ocr_line' id='line_1_6' title="bbox 191 576 1713 635; baseline 0.002 -12"><span class='ocrx_word' id='word_1_44' title='bbox 191 579 375 629; x_wconf 79' lang='lat' dir='ltr'>nodosis,</span> <span class='ocrx_word' id='word_1_45' title='bbox 406 579 520 622; x_wconf 89' lang='lat' dir='ltr'>velut</span> <span class='ocrx_word' id='word_1_46' title='bbox 543 579 583 620; x_wconf 89' lang='lat' dir='ltr'>in</span> <span class='ocrx_word' id='word_1_47' title='bbox 609 576 780 619; x_wconf 76' lang='lat' dir='ltr'>trochae</span> <span class='ocrx_word' id='word_1_48' title='bbox 804 576 985 619; x_wconf 81' lang='lat' dir='ltr'>formam</span> <span class='ocrx_word' id='word_1_49' title='bbox 1007 581 1203 635; x_wconf 66' lang='lat' dir='ltr'>zfornatis,</span> <span class='ocrx_word' id='word_1_50' title='bbox 1238 580 1318 634; x_wconf 81' lang='lat' dir='ltr'>pilo</span> <span class='ocrx_word' id='word_1_51' title='bbox 1346 580 1465 623; x_wconf 77' lang='lat' dir='ltr'>instar</span> <span class='ocrx_word' id='word_1_52' title='bbox 1487 581 1713 627; x_wconf 85' lang='lat' dir='ltr'>Ermineae</span> 
     </span>
     <span class='ocr_line' id='line_1_7' title="bbox 189 633 1712 698; baseline 0.003 -17"><span class='ocrx_word' id='word_1_53' title='bbox 189 639 341 687; x_wconf 85' lang='lat' dir='ltr'>nitido,</span> <span class='ocrx_word' id='word_1_54' title='bbox 369 640 504 685; x_wconf 75' lang='lat' dir='ltr'>m&#39;ve03</span> <span class='ocrx_word' id='word_1_55' title='bbox 535 651 662 697; x_wconf 88' lang='lat' dir='ltr'>quem</span> <span class='ocrx_word' id='word_1_56' title='bbox 681 633 844 694; x_wconf 78' lang='lat' dir='ltr'>praecise</span> <span class='ocrx_word' id='word_1_57' title='bbox 863 636 1089 678; x_wconf 83' lang='lat' dir='ltr'>candorem</span> <span class='ocrx_word' id='word_1_58' title='bbox 1106 635 1371 680; x_wconf 67' lang='lat' dir='ltr'>OppmNus</span> <span class='ocrx_word' id='word_1_59' title='bbox 1389 638 1534 698; x_wconf 81' lang='lat' dir='ltr'>Orygi</span> <span class='ocrx_word' id='word_1_60' title='bbox 1559 638 1628 682; x_wconf 88' lang='lat' dir='ltr'>suo</span> <span class='ocrx_word' id='word_1_61' title='bbox 1645 643 1712 685; x_wconf 85' lang='lat' dir='ltr'>tri·-</span> 
     </span>
     <span class='ocr_line' id='line_1_8' title="bbox 191 693 1711 746; baseline 0.002 -6"><span class='ocrx_word' id='word_1_62' title='bbox 191 697 298 746; x_wconf 83' lang='lat' dir='ltr'>buit‚</span> <span class='ocrx_word' id='word_1_63' title='bbox 331 696 462 741; x_wconf 81' lang='lat' dir='ltr'>unde,</span> <span class='ocrx_word' id='word_1_64' title='bbox 492 694 520 737; x_wconf 79' lang='lat' dir='ltr'>si</span> <span class='ocrx_word' id='word_1_65' title='bbox 538 695 765 737; x_wconf 82' lang='lat' dir='ltr'>accuratior</span> <span class='ocrx_word' id='word_1_66' title='bbox 782 705 947 737; x_wconf 81' lang='lat' dir='ltr'>extaret</span> <span class='ocrx_word' id='word_1_67' title='bbox 970 693 1080 736; x_wconf 85' lang='lat' dir='ltr'>istius</span> <span class='ocrx_word' id='word_1_68' title='bbox 1103 693 1290 736; x_wconf 87' lang='lat' dir='ltr'>animalis</span> <span class='ocrx_word' id='word_1_69' title='bbox 1313 696 1480 745; x_wconf 85' lang='lat' dir='ltr'>notitia,</span> <span class='ocrx_word' id='word_1_70' title='bbox 1517 697 1616 740; x_wconf 90' lang='lat' dir='ltr'>illud</span> <span class='ocrx_word' id='word_1_71' title='bbox 1639 701 1711 743; x_wconf 53' lang='lat' dir='ltr'>uti*</span> 
     </span>
     <span class='ocr_line' id='line_1_9' title="bbox 191 750 1713 815; baseline 0.002 -19"><span class='ocrx_word' id='word_1_72' title='bbox 191 769 272 815; x_wconf 90' lang='lat' dir='ltr'>que</span> <span class='ocrx_word' id='word_1_73' title='bbox 293 754 462 810; x_wconf 64' lang='lat' dir='ltr'>Ot‘ygem</span> <span class='ocrx_word' id='word_1_74' title='bbox 491 752 701 795; x_wconf 56' lang='lat' dir='ltr'>Omma</span> <span class='ocrx_word' id='word_1_75' title='bbox 725 750 805 795; x_wconf 81' lang='lat' dir='ltr'>esse</span> <span class='ocrx_word' id='word_1_76' title='bbox 829 753 977 795; x_wconf 90' lang='lat' dir='ltr'>certius</span> <span class='ocrx_word' id='word_1_77' title='bbox 1000 753 1260 810; x_wconf 79' lang='lat' dir='ltr'>pronunciari</span> <span class='ocrx_word' id='word_1_78' title='bbox 1287 750 1429 811; x_wconf 84' lang='lat' dir='ltr'>posset.</span> <span class='ocrx_word' id='word_1_79' title='bbox 1489 756 1631 797; x_wconf 78' lang='lat' dir='ltr'>Potuit</span> <span class='ocrx_word' id='word_1_80' title='bbox 1657 769 1713 799; x_wconf 84' lang='lat' dir='ltr'>ta-</span> 
     </span>
     <span class='ocr_line' id='line_1_10' title="bbox 189 809 1713 869; baseline 0.001 -14"><span class='ocrx_word' id='word_1_81' title='bbox 189 827 288 855; x_wconf 85' lang='lat' dir='ltr'>men</span> <span class='ocrx_word' id='word_1_82' title='bbox 314 813 426 854; x_wconf 86' lang='lat' dir='ltr'>idem</span> <span class='ocrx_word' id='word_1_83' title='bbox 453 827 611 854; x_wconf 85' lang='lat' dir='ltr'>nomen</span> <span class='ocrx_word' id='word_1_84' title='bbox 637 813 763 854; x_wconf 86' lang='lat' dir='ltr'>etiam</span> <span class='ocrx_word' id='word_1_85' title='bbox 790 811 845 852; x_wconf 89' lang='lat' dir='ltr'>illi</span> <span class='ocrx_word' id='word_1_86' title='bbox 868 810 1099 869; x_wconf 84' lang='lat' dir='ltr'>promiscue</span> <span class='ocrx_word' id='word_1_87' title='bbox 1129 809 1326 859; x_wconf 85' lang='lat' dir='ltr'>tributum</span> <span class='ocrx_word' id='word_1_88' title='bbox 1344 809 1480 860; x_wconf 85' lang='lat' dir='ltr'>fuisse,</span> <span class='ocrx_word' id='word_1_89' title='bbox 1510 827 1713 857; x_wconf 87' lang='lat' dir='ltr'>cornuum</span> 
     </span>
     <span class='ocr_line' id='line_1_11' title="bbox 189 868 1712 927; baseline 0.001 -15"><span class='ocrx_word' id='word_1_90' title='bbox 189 870 325 913; x_wconf 88' lang='lat' dir='ltr'>forma</span> <span class='ocrx_word' id='word_1_91' title='bbox 353 868 556 911; x_wconf 82' lang='lat' dir='ltr'>simillimo</span> <span class='ocrx_word' id='word_1_92' title='bbox 582 869 770 917; x_wconf 83' lang='lat' dir='ltr'>animali,</span> <span class='ocrx_word' id='word_1_93' title='bbox 816 871 881 912; x_wconf 89' lang='lat' dir='ltr'>cui</span> <span class='ocrx_word' id='word_1_94' title='bbox 909 884 987 911; x_wconf 89' lang='lat' dir='ltr'>nos</span> <span class='ocrx_word' id='word_1_95' title='bbox 1015 884 1125 911; x_wconf 88' lang='lat' dir='ltr'>nunc</span> <span class='ocrx_word' id='word_1_96' title='bbox 1150 870 1365 927; x_wconf 87' lang='lat' dir='ltr'>proprium</span> <span class='ocrx_word' id='word_1_97' title='bbox 1392 869 1492 912; x_wconf 89' lang='lat' dir='ltr'>illud</span> <span class='ocrx_word' id='word_1_98' title='bbox 1517 870 1712 921; x_wconf 83' lang='lat' dir='ltr'>fecimus,</span> 
     </span>
     <span class='ocr_line' id='line_1_12' title="bbox 190 925 1337 985; baseline -0.002 -15"><span class='ocrx_word' id='word_1_99' title='bbox 190 929 306 971; x_wconf 84' lang='lat' dir='ltr'>alteri</span> <span class='ocrx_word' id='word_1_100' title='bbox 329 929 562 983; x_wconf 63' lang='lat' dir='ltr'>Leucorygis</span> <span class='ocrx_word' id='word_1_101' title='bbox 578 927 901 985; x_wconf 78' lang='lat' dir='ltr'>appellationem</span> <span class='ocrx_word' id='word_1_102' title='bbox 921 925 1114 984; x_wconf 85' lang='lat' dir='ltr'>tantisper</span> <span class='ocrx_word' id='word_1_103' title='bbox 1137 926 1337 969; x_wconf 88' lang='lat' dir='ltr'>tributuri.</span> 
     </span>
    </p>

    <p class='ocr_par' dir='ltr' id='par_1_3' title="bbox 189 984 1714 1896">
     <span class='ocr_line' id='line_1_13' title="bbox 307 984 1712 1042; baseline 0.002 -14"><span class='ocrx_word' id='word_1_104' title='bbox 307 985 530 1028; x_wconf 84' lang='lat' dir='ltr'>Praetereo</span> <span class='ocrx_word' id='word_1_105' title='bbox 556 985 608 1027; x_wconf 90' lang='lat' dir='ltr'>A.</span> <span class='ocrx_word' id='word_1_106' title='bbox 628 986 872 1026; x_wconf 62' lang='lat' dir='ltr'>Grimmz&#39;am</span> <span class='ocrx_word' id='word_1_107' title='bbox 890 984 935 1026; x_wconf 66' lang='grc' dir='ltr'>δε</span> <span class='ocrx_word' id='word_1_108' title='bbox 947 985 1154 1039; x_wconf 52' lang='lat' dir='ltr'>scriptam,</span> <span class='ocrx_word' id='word_1_109' title='bbox 1188 985 1406 1042; x_wconf 87' lang='lat' dir='ltr'>priorema</span> <span class='ocrx_word' id='word_1_110' title='bbox 1421 1000 1512 1035; x_wconf 89' lang='lat' dir='ltr'>me,</span> <span class='ocrx_word' id='word_1_111' title='bbox 1540 987 1712 1031; x_wconf 83' lang='lat' dir='ltr'>alteram</span> 
     </span>
     <span class='ocr_line' id='line_1_14' title="bbox 191 1042 1713 1101; baseline 0 -13"><span class='ocrx_word' id='word_1_112' title='bbox 191 1044 450 1088; x_wconf 73' lang='lat' dir='ltr'>Burromo</span> <span class='ocrx_word' id='word_1_113' title='bbox 483 1042 573 1085; x_wconf 80' lang='lat' dir='ltr'>satis</span> <span class='ocrx_word' id='word_1_114' title='bbox 602 1042 847 1085; x_wconf 83' lang='lat' dir='ltr'>illustratam.</span> <span class='ocrx_word' id='word_1_115' title='bbox 866 1068 923 1073; x_wconf 87' lang='lat'>-—</span> <span class='ocrx_word' id='word_1_116' title='bbox 1004 1042 1237 1084; x_wconf 81' lang='lat' dir='ltr'>Maximam</span> <span class='ocrx_word' id='word_1_117' title='bbox 1261 1058 1365 1086; x_wconf 90' lang='lat' dir='ltr'>vero</span> <span class='ocrx_word' id='word_1_118' title='bbox 1389 1044 1499 1086; x_wconf 89' lang='lat' dir='ltr'>illam</span> <span class='ocrx_word' id='word_1_119' title='bbox 1517 1045 1713 1101; x_wconf 79' lang='lat' dir='ltr'>speciem,</span> 
     </span>
     <span class='ocr_line' id='line_1_15' title="bbox 189 1100 1712 1160; baseline 0.003 -18"><span class='ocrx_word' id='word_1_120' title='bbox 189 1116 315 1160; x_wconf 84' lang='lat' dir='ltr'>quam</span> <span class='ocrx_word' id='word_1_121' title='bbox 331 1103 442 1159; x_wconf 90' lang='lat' dir='ltr'>prius</span> <span class='ocrx_word' id='word_1_122' title='bbox 463 1100 663 1158; x_wconf 80' lang='lat' dir='ltr'>Orygem</span> <span class='ocrx_word' id='word_1_123' title='bbox 680 1101 892 1149; x_wconf 77' lang='lat' dir='ltr'>dixeram,</span> <span class='ocrx_word' id='word_1_124' title='bbox 924 1115 977 1142; x_wconf 90' lang='lat' dir='ltr'>eo</span> <span class='ocrx_word' id='word_1_125' title='bbox 999 1115 1109 1141; x_wconf 89' lang='lat' dir='ltr'>nunc</span> <span class='ocrx_word' id='word_1_126' title='bbox 1133 1101 1252 1145; x_wconf 85' lang='lat' dir='ltr'>titulo</span> <span class='ocrx_word' id='word_1_127' title='bbox 1279 1100 1489 1149; x_wconf 85' lang='lat' dir='ltr'>orbatam,</span> <span class='ocrx_word' id='word_1_128' title='bbox 1517 1101 1574 1145; x_wconf 93' lang='lat' dir='ltr'>ob</span> <span class='ocrx_word' id='word_1_129' title='bbox 1601 1105 1712 1147; x_wconf 87' lang='lat' dir='ltr'>vitae</span> 
     </span>
     <span class='ocr_line' id='line_1_16' title="bbox 191 1157 1709 1217; baseline 0.003 -17"><span class='ocrx_word' id='word_1_130' title='bbox 191 1173 324 1216; x_wconf 84' lang='lat' dir='ltr'>genus</span> <span class='ocrx_word' id='word_1_131' title='bbox 345 1171 614 1206; x_wconf 86' lang='lat' dir='ltr'>montanum,</span> <span class='ocrx_word' id='word_1_132' title='bbox 642 1173 727 1216; x_wconf 89' lang='lat' dir='ltr'>quo</span> <span class='ocrx_word' id='word_1_133' title='bbox 754 1173 905 1215; x_wconf 80' lang='lat' dir='ltr'>paucas</span> <span class='ocrx_word' id='word_1_134' title='bbox 932 1172 1218 1215; x_wconf 68' lang='lat' dir='ltr'>congerierum</span> <span class='ocrx_word' id='word_1_135' title='bbox 1241 1157 1390 1201; x_wconf 85' lang='lat' dir='ltr'>slmiles</span> <span class='ocrx_word' id='word_1_136' title='bbox 1417 1159 1622 1217; x_wconf 84' lang='lat' dir='ltr'>agnoscit,</span> <span class='ocrx_word' id='word_1_137' title='bbox 1658 1163 1709 1204; x_wconf 87' lang='lat' dir='ltr'>A.</span> 
     </span>
     <span class='ocr_line' id='line_1_17' title="bbox 192 1215 1711 1274; baseline 0.002 -16"><span class='ocrx_word' id='word_1_138' title='bbox 192 1218 386 1258; x_wconf 71' lang='lat' dir='ltr'>Oreaa&#39;em</span> <span class='ocrx_word' id='word_1_139' title='bbox 402 1215 607 1274; x_wconf 84' lang='lat' dir='ltr'>appellare</span> <span class='ocrx_word' id='word_1_140' title='bbox 624 1231 769 1273; x_wconf 81' lang='lat' dir='ltr'>cogor.</span> <span class='ocrx_word' id='word_1_141' title='bbox 831 1216 942 1258; x_wconf 88' lang='lat' dir='ltr'>Dein</span> <span class='ocrx_word' id='word_1_142' title='bbox 961 1218 1088 1258; x_wconf 87' lang='lat' dir='ltr'>etiam</span> <span class='ocrx_word' id='word_1_143' title='bbox 1105 1216 1367 1258; x_wconf 82' lang='lat' dir='ltr'>monendum</span> <span class='ocrx_word' id='word_1_144' title='bbox 1384 1216 1442 1259; x_wconf 88' lang='lat' dir='ltr'>est</span> <span class='ocrx_word' id='word_1_145' title='bbox 1457 1232 1586 1260; x_wconf 89' lang='lat' dir='ltr'>cornu</span> <span class='ocrx_word' id='word_1_146' title='bbox 1607 1223 1711 1272; x_wconf 87' lang='lat' dir='ltr'>ejus-</span> 
     </span>
     <span class='ocr_line' id='line_1_18' title="bbox 191 1272 1709 1330; baseline 0.003 -14"><span class='ocrx_word' id='word_1_147' title='bbox 191 1274 290 1316; x_wconf 87' lang='lat' dir='ltr'>dem</span> <span class='ocrx_word' id='word_1_148' title='bbox 305 1274 558 1316; x_wconf 82' lang='lat' dir='ltr'>delineatum</span> <span class='ocrx_word' id='word_1_149' title='bbox 578 1288 723 1316; x_wconf 71' lang='lat' dir='ltr'>extare</span> <span class='ocrx_word' id='word_1_150' title='bbox 744 1275 784 1315; x_wconf 89' lang='lat' dir='ltr'>in</span> <span class='ocrx_word' id='word_1_151' title='bbox 805 1272 1030 1316; x_wconf 73' lang='lat' dir='ltr'><strong>OLEARH</strong></span> <span class='ocrx_word' id='word_1_152' title='bbox 1057 1273 1196 1330; x_wconf 68' lang='lat' dir='ltr'>Maseo</span> <span class='ocrx_word' id='word_1_153' title='bbox 1224 1274 1464 1329; x_wconf 73' lang='lat' dir='ltr'>Gottorpino</span> <span class='ocrx_word' id='word_1_154' title='bbox 1485 1286 1522 1330; x_wconf 85' lang='lat' dir='ltr'>p.</span> <span class='ocrx_word' id='word_1_155' title='bbox 1544 1291 1604 1329; x_wconf 88' lang='lat'>14.</span> <span class='ocrx_word' id='word_1_156' title='bbox 1628 1279 1709 1320; x_wconf 79' lang='lat' dir='ltr'>tab.</span> 
     </span>
     <span class='ocr_line' id='line_1_19' title="bbox 192 1330 1712 1389; baseline 0.003 -17"><span class='ocrx_word' id='word_1_157' title='bbox 192 1348 228 1384; x_wconf 83' lang='lat'>9.</span> <span class='ocrx_word' id='word_1_158' title='bbox 236 1331 312 1387; x_wconf 82' lang='lat' dir='ltr'>fig.</span> <span class='ocrx_word' id='word_1_159' title='bbox 339 1349 375 1383; x_wconf 86' lang='lat'>9.</span> <span class='ocrx_word' id='word_1_160' title='bbox 394 1330 466 1374; x_wconf 89' lang='lat' dir='ltr'>ubi</span> <span class='ocrx_word' id='word_1_161' title='bbox 489 1347 566 1389; x_wconf 88' lang='lat' dir='ltr'>pro</span> <span class='ocrx_word' id='word_1_162' title='bbox 585 1333 728 1374; x_wconf 89' lang='lat' dir='ltr'>Cornu</span> <span class='ocrx_word' id='word_1_163' title='bbox 756 1331 920 1388; x_wconf 80' lang='lat' dir='ltr'>Onagri</span> <span class='ocrx_word' id='word_1_164' title='bbox 945 1331 1191 1374; x_wconf 88' lang='lat' dir='ltr'>venditatur.</span> <span class='ocrx_word' id='word_1_165' title='bbox 1253 1333 1357 1374; x_wconf 68' lang='lat' dir='ltr'>Clczr.</span> <span class='ocrx_word' id='word_1_166' title='bbox 1386 1332 1632 1376; x_wconf 73' lang='lat' dir='ltr'>PssNNANT</span> <span class='ocrx_word' id='word_1_167' title='bbox 1659 1335 1712 1377; x_wconf 90' lang='lat' dir='ltr'>ad</span> 
     </span>
     <span class='ocr_line' id='line_1_20' title="bbox 192 1388 1713 1449; baseline 0.003 -19"><span class='ocrx_word' id='word_1_168' title='bbox 192 1388 300 1431; x_wconf 87' lang='lat' dir='ltr'>hanc</span> <span class='ocrx_word' id='word_1_169' title='bbox 318 1388 496 1447; x_wconf 86' lang='lat' dir='ltr'>speciem</span> <span class='ocrx_word' id='word_1_170' title='bbox 514 1389 662 1432; x_wconf 86' lang='lat' dir='ltr'>dubius</span> <span class='ocrx_word' id='word_1_171' title='bbox 685 1390 822 1432; x_wconf 87' lang='lat' dir='ltr'>retulit</span> <span class='ocrx_word' id='word_1_172' title='bbox 849 1390 1109 1431; x_wconf 73' lang='lat' dir='ltr'>BERNIERII</span> <span class='ocrx_word' id='word_1_173' title='bbox 1138 1389 1331 1445; x_wconf 70' lang='lat' dir='ltr'>Nilgcmx</span> <span class='ocrx_word' id='word_1_174' title='bbox 1357 1389 1401 1432; x_wconf 62' lang='grc' dir='ltr'><em>ἃ</em></span> <span class='ocrx_word' id='word_1_175' title='bbox 1425 1391 1713 1449; x_wconf 80' lang='lat' dir='ltr'>Congenslum</span> 
     </span>
     <span class='ocr_line' id='line_1_21' title="bbox 198 1445 1712 1506; baseline 0.003 -18"><span class='ocrx_word' id='word_1_176' title='bbox 198 1448 420 1502; x_wconf 60' lang='lat' dir='ltr'>Faccgffitm,</span> <span class='ocrx_word' id='word_1_177' title='bbox 458 1447 572 1506; x_wconf 88' lang='lat' dir='ltr'>quod</span> <span class='ocrx_word' id='word_1_178' title='bbox 602 1445 706 1489; x_wconf 88' lang='lat' dir='ltr'>mihi</span> <span class='ocrx_word' id='word_1_179' title='bbox 735 1448 908 1490; x_wconf 88' lang='lat' dir='ltr'>minime</span> <span class='ocrx_word' id='word_1_180' title='bbox 947 1447 1098 1490; x_wconf 86' lang='lat' dir='ltr'>arridet</span> <span class='ocrx_word' id='word_1_181' title='bbox 1180 1448 1313 1490; x_wconf 84' lang='lat' dir='ltr'>Alcen</span> <span class='ocrx_word' id='word_1_182' title='bbox 1345 1462 1445 1490; x_wconf 78' lang='lat' dir='ltr'>vero</span> <span class='ocrx_word' id='word_1_183' title='bbox 1477 1448 1712 1506; x_wconf 81' lang='lat' dir='ltr'>Capensem</span> 
     </span>
     <span class='ocr_line' id='line_1_22' title="bbox 195 1504 1713 1564; baseline 0.003 -18"><span class='ocrx_word' id='word_1_184' title='bbox 195 1505 375 1547; x_wconf 66' lang='lat' dir='ltr'>Kotssii</span> <span class='ocrx_word' id='word_1_185' title='bbox 401 1505 481 1547; x_wconf 91' lang='lat' dir='ltr'>huc</span> <span class='ocrx_word' id='word_1_186' title='bbox 505 1506 736 1563; x_wconf 86' lang='lat' dir='ltr'>pertinere,</span> <span class='ocrx_word' id='word_1_187' title='bbox 761 1520 820 1548; x_wconf 85' lang='lat' dir='ltr'>ex</span> <span class='ocrx_word' id='word_1_188' title='bbox 837 1504 956 1558; x_wconf 89' lang='lat' dir='ltr'>hujus</span> <span class='ocrx_word' id='word_1_189' title='bbox 967 1504 1106 1549; x_wconf 88' lang='lat' dir='ltr'>verbis</span> <span class='ocrx_word' id='word_1_190' title='bbox 1126 1505 1297 1564; x_wconf 87' lang='lat' dir='ltr'>quidem</span> <span class='ocrx_word' id='word_1_191' title='bbox 1315 1506 1454 1564; x_wconf 82' lang='lat' dir='ltr'>colligi</span> <span class='ocrx_word' id='word_1_192' title='bbox 1469 1508 1545 1548; x_wconf 88' lang='lat' dir='ltr'>vix</span> <span class='ocrx_word' id='word_1_193' title='bbox 1566 1507 1713 1564; x_wconf 88' lang='lat' dir='ltr'>potest,</span> 
     </span>
     <span class='ocr_line' id='line_1_23' title="bbox 196 1560 1713 1623; baseline 0.003 -19"><span class='ocrx_word' id='word_1_194' title='bbox 196 1563 240 1604; x_wconf 66' lang='lat' dir='ltr'>cc</span> <span class='ocrx_word' id='word_1_195' title='bbox 255 1564 350 1605; x_wconf 90' lang='lat' dir='ltr'>icon</span> <span class='ocrx_word' id='word_1_196' title='bbox 370 1562 504 1606; x_wconf 85' lang='lat' dir='ltr'>adhuc</span> <span class='ocrx_word' id='word_1_197' title='bbox 523 1564 659 1605; x_wconf 82' lang='lat' dir='ltr'>minus</span> <span class='ocrx_word' id='word_1_198' title='bbox 684 1562 800 1607; x_wconf 66' lang='lat' dir='ltr'>reste</span> <span class='ocrx_word' id='word_1_199' title='bbox 823 1578 980 1606; x_wconf 85' lang='lat' dir='ltr'>cornua</span> <span class='ocrx_word' id='word_1_200' title='bbox 999 1564 1219 1621; x_wconf 86' lang='lat' dir='ltr'>exprimit,</span> <span class='ocrx_word' id='word_1_201' title='bbox 1254 1561 1323 1606; x_wconf 89' lang='lat' dir='ltr'>sed</span> <span class='ocrx_word' id='word_1_202' title='bbox 1347 1579 1422 1621; x_wconf 86' lang='lat' dir='ltr'>per</span> <span class='ocrx_word' id='word_1_203' title='bbox 1451 1560 1534 1607; x_wconf 87' lang='lat' dir='ltr'>fide</span> <span class='ocrx_word' id='word_1_204' title='bbox 1559 1565 1713 1623; x_wconf 81' lang='lat' dir='ltr'>dignos</span> 
     </span>
     <span class='ocr_line' id='line_1_24' title="bbox 195 1619 1713 1681; baseline 0.003 -19"><span class='ocrx_word' id='word_1_205' title='bbox 195 1619 410 1669; x_wconf 86' lang='lat' dir='ltr'>homines,</span> <span class='ocrx_word' id='word_1_206' title='bbox 438 1622 508 1681; x_wconf 87' lang='lat' dir='ltr'>qui</span> <span class='ocrx_word' id='word_1_207' title='bbox 526 1621 579 1664; x_wconf 86' lang='lat' dir='ltr'>ad</span> <span class='ocrx_word' id='word_1_208' title='bbox 600 1621 940 1664; x_wconf 86' lang='lat' dir='ltr'>Promontorium</span> <span class='ocrx_word' id='word_1_209' title='bbox 967 1622 1013 1663; x_wconf 84' lang='lat' dir='ltr'>B.</span> <span class='ocrx_word' id='word_1_210' title='bbox 1037 1622 1138 1680; x_wconf 80' lang='lat' dir='ltr'>Spei</span> <span class='ocrx_word' id='word_1_211' title='bbox 1155 1622 1371 1675; x_wconf 82' lang='lat' dir='ltr'>vixerant,</span> <span class='ocrx_word' id='word_1_212' title='bbox 1403 1622 1554 1664; x_wconf 87' lang='lat' dir='ltr'>animal</span> <span class='ocrx_word' id='word_1_213' title='bbox 1580 1625 1713 1666; x_wconf 90' lang='lat' dir='ltr'>nomi-</span> 
     </span>
     <span class='ocr_line' id='line_1_25' title="bbox 196 1678 1711 1738; baseline 0.002 -18"><span class='ocrx_word' id='word_1_214' title='bbox 196 1694 249 1721; x_wconf 92' lang='lat' dir='ltr'>ne</span> <span class='ocrx_word' id='word_1_215' title='bbox 265 1693 287 1720; x_wconf 87' lang='lat' dir='ltr'>a</span> <span class='ocrx_word' id='word_1_216' title='bbox 303 1678 496 1721; x_wconf 79' lang='lat' dir='ltr'>KOLBIO</span> <span class='ocrx_word' id='word_1_217' title='bbox 519 1678 701 1721; x_wconf 83' lang='lat' dir='ltr'>indicato</span> <span class='ocrx_word' id='word_1_218' title='bbox 725 1679 884 1721; x_wconf 89' lang='lat' dir='ltr'>nullum</span> <span class='ocrx_word' id='word_1_219' title='bbox 909 1679 1019 1721; x_wconf 86' lang='lat' dir='ltr'>aliud</span> <span class='ocrx_word' id='word_1_220' title='bbox 1052 1679 1208 1723; x_wconf 86' lang='lat' dir='ltr'>ibidem</span> <span class='ocrx_word' id='word_1_221' title='bbox 1235 1679 1451 1737; x_wconf 83' lang='lat' dir='ltr'>appellari,</span> <span class='ocrx_word' id='word_1_222' title='bbox 1497 1695 1622 1738; x_wconf 86' lang='lat' dir='ltr'>quam</span> <span class='ocrx_word' id='word_1_223' title='bbox 1640 1697 1711 1723; x_wconf 90' lang='lat' dir='ltr'>no-</span> 
     </span>
     <span class='ocr_line' id='line_1_26' title="bbox 196 1735 1713 1798; baseline 0.001 -19"><span class='ocrx_word' id='word_1_224' title='bbox 196 1736 317 1779; x_wconf 76' lang='lat' dir='ltr'>stram</span> <span class='ocrx_word' id='word_1_225' title='bbox 333 1737 607 1785; x_wconf 67' lang='lat' dir='ltr'>A.0readev·1,</span> <span class='ocrx_word' id='word_1_226' title='bbox 636 1736 681 1779; x_wconf 70' lang='grc' dir='ltr'>ὄε</span> <span class='ocrx_word' id='word_1_227' title='bbox 701 1735 784 1795; x_wconf 88' lang='lat' dir='ltr'>ipsa</span> <span class='ocrx_word' id='word_1_228' title='bbox 802 1752 972 1797; x_wconf 84' lang='lat' dir='ltr'>quoque</span> <span class='ocrx_word' id='word_1_229' title='bbox 990 1736 1060 1780; x_wconf 88' lang='lat' dir='ltr'>sub</span> <span class='ocrx_word' id='word_1_230' title='bbox 1078 1736 1162 1779; x_wconf 83' lang='lat' dir='ltr'>hoc</span> <span class='ocrx_word' id='word_1_231' title='bbox 1183 1740 1357 1779; x_wconf 86' lang='lat' dir='ltr'>nomine</span> <span class='ocrx_word' id='word_1_232' title='bbox 1376 1739 1472 1779; x_wconf 85' lang='lat' dir='ltr'>viva</span> <span class='ocrx_word' id='word_1_233' title='bbox 1497 1739 1713 1798; x_wconf 86' lang='lat' dir='ltr'>quondam</span> 
     </span>
     <span class='ocr_line' id='line_1_27' title="bbox 196 1793 1714 1854; baseline 0.004 -19"><span class='ocrx_word' id='word_1_234' title='bbox 196 1795 235 1835; x_wconf 89' lang='lat' dir='ltr'>in</span> <span class='ocrx_word' id='word_1_235' title='bbox 262 1794 455 1853; x_wconf 84' lang='lat' dir='ltr'>Belgium</span> <span class='ocrx_word' id='word_1_236' title='bbox 481 1795 580 1837; x_wconf 89' lang='lat' dir='ltr'>inde</span> <span class='ocrx_word' id='word_1_237' title='bbox 604 1798 797 1838; x_wconf 87' lang='lat' dir='ltr'>translata</span> <span class='ocrx_word' id='word_1_238' title='bbox 822 1795 917 1846; x_wconf 89' lang='lat' dir='ltr'>fuit,</span> <span class='ocrx_word' id='word_1_239' title='bbox 960 1794 1031 1839; x_wconf 85' lang='lat' dir='ltr'>ubi</span> <span class='ocrx_word' id='word_1_240' title='bbox 1052 1793 1246 1838; x_wconf 83' lang='lat' dir='ltr'>Museum</span> <span class='ocrx_word' id='word_1_241' title='bbox 1271 1795 1472 1854; x_wconf 88' lang='lat' dir='ltr'>Principis</span> <span class='ocrx_word' id='word_1_242' title='bbox 1504 1795 1714 1841; x_wconf 84' lang='lat' dir='ltr'>Araufiaci</span> 
     </span>
     <span class='ocr_line' id='line_1_28' title="bbox 195 1850 601 1896; baseline 0 -2"><span class='ocrx_word' id='word_1_243' title='bbox 195 1850 346 1895; x_wconf 86' lang='lat' dir='ltr'>sceleto</span> <span class='ocrx_word' id='word_1_244' title='bbox 373 1851 442 1895; x_wconf 89' lang='lat' dir='ltr'>suo</span> <span class='ocrx_word' id='word_1_245' title='bbox 469 1865 601 1896; x_wconf 88' lang='lat' dir='ltr'>ornat.</span> 
     </span>
    </p>

    <p class='ocr_par' dir='ltr' id='par_1_4' title="bbox 194 1909 1714 2142">
     <span class='ocr_line' id='line_1_29' title="bbox 310 1909 1713 1969; baseline 0.003 -17"><span class='ocrx_word' id='word_1_246' title='bbox 310 1911 613 1953; x_wconf 66' lang='lat' dir='ltr'>ANrrtorEs</span> <span class='ocrx_word' id='word_1_247' title='bbox 643 1911 952 1966; x_wconf 74' lang='lat' dir='ltr'>Strepsicerotis,</span> <span class='ocrx_word' id='word_1_248' title='bbox 990 1914 1104 1964; x_wconf 85' lang='lat' dir='ltr'>cujus</span> <span class='ocrx_word' id='word_1_249' title='bbox 1130 1909 1260 1953; x_wconf 85' lang='lat' dir='ltr'>solum</span> <span class='ocrx_word' id='word_1_250' title='bbox 1292 1924 1415 1969; x_wconf 83' lang='lat' dir='ltr'>caput</span> <span class='ocrx_word' id='word_1_251' title='bbox 1443 1911 1713 1956; x_wconf 84' lang='lat' dir='ltr'>adumbrave-</span> 
     </span>
     <span class='ocr_line' id='line_1_30' title="bbox 195 1967 1714 2027; baseline 0.004 -19"><span class='ocrx_word' id='word_1_252' title='bbox 195 1981 303 2015; x_wconf 83' lang='lat' dir='ltr'>ram,</span> <span class='ocrx_word' id='word_1_253' title='bbox 334 1968 493 2027; x_wconf 87' lang='lat' dir='ltr'>duplex</span> <span class='ocrx_word' id='word_1_254' title='bbox 515 1985 625 2011; x_wconf 91' lang='lat' dir='ltr'>nunc</span> <span class='ocrx_word' id='word_1_255' title='bbox 651 1981 769 2012; x_wconf 87' lang='lat' dir='ltr'>extat</span> <span class='ocrx_word' id='word_1_256' title='bbox 791 1969 843 2011; x_wconf 84' lang='lat' dir='ltr'>ad</span> <span class='ocrx_word' id='word_1_257' title='bbox 867 1969 1020 2027; x_wconf 89' lang='lat' dir='ltr'>pellem</span> <span class='ocrx_word' id='word_1_258' title='bbox 1045 1967 1133 2011; x_wconf 86' lang='lat' dir='ltr'>orsa</span> <span class='ocrx_word' id='word_1_259' title='bbox 1158 1969 1396 2026; x_wconf 84' lang='lat' dir='ltr'>descriptio:</span> <span class='ocrx_word' id='word_1_260' title='bbox 1433 1970 1559 2013; x_wconf 84' lang='lat' dir='ltr'>altera</span> <span class='ocrx_word' id='word_1_261' title='bbox 1577 1971 1714 2014; x_wconf 67' lang='lat' dir='ltr'>D&#39;Au-</span> 
     </span>
     <span class='ocr_line' id='line_1_31' title="bbox 196 2026 1713 2081; baseline 0.003 -14"><span class='ocrx_word' id='word_1_262' title='bbox 196 2041 216 2067; x_wconf 83' lang='lat' dir='ltr'>B</span> <span class='ocrx_word' id='word_1_263' title='bbox 227 2040 285 2067; x_wconf 78' lang='lat' dir='ltr'>EN</span> <span class='ocrx_word' id='word_1_264' title='bbox 296 2040 355 2067; x_wconf 78' lang='lat' dir='ltr'>ro</span> <span class='ocrx_word' id='word_1_265' title='bbox 367 2041 389 2068; x_wconf 82' lang='lat' dir='ltr'>N</span> <span class='ocrx_word' id='word_1_266' title='bbox 402 2042 435 2075; x_wconf 89' lang='lat'>1,</span> <span class='ocrx_word' id='word_1_267' title='bbox 450 2027 577 2070; x_wconf 86' lang='lat' dir='ltr'>altera</span> <span class='ocrx_word' id='word_1_268' title='bbox 591 2027 666 2072; x_wconf 91' lang='lat' dir='ltr'>Co</span> <span class='ocrx_word' id='word_1_269' title='bbox 679 2042 701 2069; x_wconf 88' lang='lat' dir='ltr'>L</span> <span class='ocrx_word' id='word_1_270' title='bbox 713 2044 760 2070; x_wconf 83' lang='lat' dir='ltr'>IN</span> <span class='ocrx_word' id='word_1_271' title='bbox 771 2044 779 2069; x_wconf 87' lang='grc' dir='ltr'>ι</span> <span class='ocrx_word' id='word_1_272' title='bbox 792 2044 821 2076; x_wconf 89' lang='lat'>1,</span> <span class='ocrx_word' id='word_1_273' title='bbox 838 2028 904 2070; x_wconf 89' lang='lat' dir='ltr'>cui</span> <span class='ocrx_word' id='word_1_274' title='bbox 923 2026 1104 2070; x_wconf 87' lang='lat' dir='ltr'>nostram</span> <span class='ocrx_word' id='word_1_275' title='bbox 1123 2029 1165 2069; x_wconf 91' lang='lat' dir='ltr'>in</span> <span class='ocrx_word' id='word_1_276' title='bbox 1174 2026 1257 2070; x_wconf 89' lang='lat' dir='ltr'>fine</span> <span class='ocrx_word' id='word_1_277' title='bbox 1274 2026 1394 2081; x_wconf 86' lang='lat' dir='ltr'>hujus</span> <span class='ocrx_word' id='word_1_278' title='bbox 1410 2028 1446 2071; x_wconf 88' lang='lat' dir='ltr'><strong>F</strong></span> <span class='ocrx_word' id='word_1_279' title='bbox 1448 2028 1604 2072; x_wconf 85' lang='lat' dir='ltr'>asciculi</span> <span class='ocrx_word' id='word_1_280' title='bbox 1626 2028 1713 2073; x_wconf 86' lang='lat' dir='ltr'>sub-</span> 
     </span>
     <span class='ocr_line' id='line_1_32' title="bbox 194 2084 876 2142; baseline 0.007 -18"><span class='ocrx_word' id='word_1_281' title='bbox 194 2088 366 2142; x_wconf 83' lang='lat' dir='ltr'>jungere</span> <span class='ocrx_word' id='word_1_282' title='bbox 382 2098 467 2126; x_wconf 91' lang='lat' dir='ltr'>non</span> <span class='ocrx_word' id='word_1_283' title='bbox 487 2084 629 2127; x_wconf 89' lang='lat' dir='ltr'>inutile</span> <span class='ocrx_word' id='word_1_284' title='bbox 646 2084 777 2128; x_wconf 87' lang='lat' dir='ltr'>visum</span> <span class='ocrx_word' id='word_1_285' title='bbox 808 2085 876 2129; x_wconf 86' lang='lat' dir='ltr'>est.</span> 
     </span>
    </p>

    <p class='ocr_par' dir='ltr' id='par_1_5' title="bbox 197 2141 1715 2260">
     <span class='ocr_line' id='line_1_33' title="bbox 313 2141 1712 2202; baseline 0.001 -18"><span class='ocrx_word' id='word_1_286' title='bbox 313 2141 539 2200; x_wconf 87' lang='lat' dir='ltr'>Supersunt</span> <span class='ocrx_word' id='word_1_287' title='bbox 563 2144 765 2200; x_wconf 87' lang='lat' dir='ltr'>quaedam</span> <span class='ocrx_word' id='word_1_288' title='bbox 791 2143 844 2186; x_wconf 85' lang='lat' dir='ltr'>ad</span> <span class='ocrx_word' id='word_1_289' title='bbox 864 2145 918 2187; x_wconf 91' lang='lat' dir='ltr'>A.</span> <span class='ocrx_word' id='word_1_290' title='bbox 938 2145 1202 2200; x_wconf 66' lang='lat' dir='ltr'>Cervicaprae</span> <span class='ocrx_word' id='word_1_291' title='bbox 1222 2142 1435 2187; x_wconf 87' lang='lat' dir='ltr'>historiam</span> <span class='ocrx_word' id='word_1_292' title='bbox 1454 2143 1712 2202; x_wconf 87' lang='lat' dir='ltr'>supplemen-</span> 
     </span>
     <span class='ocr_line' id='line_1_34' title="bbox 197 2198 1715 2260; baseline 0.002 -19"><span class='ocrx_word' id='word_1_293' title='bbox 197 2210 257 2243; x_wconf 87' lang='lat' dir='ltr'>ta:</span> <span class='ocrx_word' id='word_1_294' title='bbox 286 2200 458 2244; x_wconf 84' lang='lat' dir='ltr'>Cornua</span> <span class='ocrx_word' id='word_1_295' title='bbox 475 2199 593 2253; x_wconf 83' lang='lat' dir='ltr'>hujus</span> <span class='ocrx_word' id='word_1_296' title='bbox 609 2198 737 2245; x_wconf 82' lang='lat' dir='ltr'>habet</span> <span class='ocrx_word' id='word_1_297' title='bbox 751 2201 909 2247; x_wconf 69' lang='lat' dir='ltr'>GREw</span> <span class='ocrx_word' id='word_1_298' title='bbox 926 2203 967 2245; x_wconf 90' lang='lat' dir='ltr'>in</span> <span class='ocrx_word' id='word_1_299' title='bbox 986 2201 1095 2259; x_wconf 67' lang='lat' dir='ltr'>Mufi</span> <span class='ocrx_word' id='word_1_300' title='bbox 1109 2217 1194 2259; x_wconf 83' lang='lat' dir='ltr'>reg.</span> <span class='ocrx_word' id='word_1_301' title='bbox 1204 2202 1286 2260; x_wconf 86' lang='lat' dir='ltr'>soc.</span> <span class='ocrx_word' id='word_1_302' title='bbox 1299 2213 1339 2258; x_wconf 87' lang='lat' dir='ltr'>p.</span> <span class='ocrx_word' id='word_1_303' title='bbox 1360 2217 1425 2259; x_wconf 86' lang='lat'>24.</span> <span class='ocrx_word' id='word_1_304' title='bbox 1485 2201 1715 2259; x_wconf 77' lang='lat' dir='ltr'>Antilopen</span> 
     </span>
    </p>

    <p class='ocr_par' dir='ltr' id='par_1_6' title="bbox 972 2259 1712 2303">
     <span class='ocr_line' id='line_1_35' title="bbox 972 2259 1712 2303; baseline 0.001 -1"><span class='ocrx_word' id='word_1_305' title='bbox 972 2260 1006 2302; x_wconf 90' lang='lat' dir='ltr'>B</span> <span class='ocrx_word' id='word_1_306' title='bbox 1039 2274 1061 2301; x_wconf 84' lang='lat'>2</span> <span class='ocrx_word' id='word_1_307' title='bbox 1566 2259 1712 2303; x_wconf 86' lang='lat' dir='ltr'>mauri-</span> 
     </span>
    </p>
   </div>
  </div>
 </body>
</html>
