2032 2732
571 261 748 319 Qffl'e
865 263 1069 318 (67)
1185 264 1367 322 Qoss*

217 360 406 402 locorum
425 359 467 402 in
489 356 633 416 apricis
659 357 704 399 ὅτ
732 354 883 398 saxosis
910 356 1123 399 montibus
1146 360 1265 402 nives
1282 358 1553 416 parcissimae,
1583 363 1707 406 adeoss

216 432 300 476 que
317 432 391 475 per
406 429 536 459 totam
554 414 759 471 hyemem
778 425 916 470 parata
933 414 1133 474 gregibus
1148 418 1257 459 nuda
1271 418 1427 475 pascua.
1485 418 1616 462 Unde
1630 422 1706 478 igi-

218 486 284 517 tur
307 472 504 518 effe&iizn
530 472 606 520 est,
637 484 681 513 ut
704 486 809 513 oves
836 469 937 519 hae,
975 472 1130 515 eodem
1153 474 1268 518 vitiu
1297 475 1544 532 gaudentes.
1580 493 1709 536 quem

216 529 290 573 fibi
307 530 415 573 ferus
434 529 577 588 Argali
592 527 834 629 Praesertim
850 529 986 586 eligit,
1020 532 1352 588 magnitudinem
1377 548 1546 592 quoque
1569 536 1711 579 eidem

215 589 455 645 proximam
471 588 588 648 acqui
608 588 776 634 iverint;
813 587 914 629 dum
937 587 1152 644 pinguedo
1208 592 1532 634 raeternaturalis
1555 607 1642 635 non
1669 594 1712 635 in

213 656 371 686 tantam
389 646 544 687 molem
565 645 762 702 adaugeri
778 644 934 701 potuit,
963 657 1161 701 quantam
1192 646 1322 688 alinae
1339 646 1384 688 δε
1409 662 1572 691 amarae
1591 652 1715 693 ‘sata-1

213 703 296 744 riae
312 702 580 744 occidentalis
595 702 820 760 pastiones,
851 701 1192 761 ardentioresque
1219 701 1322 745 soles
1342 717 1557 760 generant.

193 791 197 792 ν
325 759 528 802 Notabile
545 775 714 820 quoque
731 758 788 801 est
806 757 1078 817 Kirgislorum
1097 774 1243 817 pecus,
1272 761 1387 818 quod
1410 762 1450 803 in
1478 761 1713 809 australiori·

210 815 290 859 bus
319 816 494 859 Sibiriae
527 815 667 874 paffim
698 816 751 859 ad
780 814 927 859 Rufl'os
962 831 1132 876 quoque
1149 817 1325 859 colonos
1343 818 1582 861 translatum
1603 836 1713 865 nunc

210 874 432 923 educatur,
470 875 566 917 licet
591 876 669 917 vix
695 875 863 916 mutatis
892 871 1068 930 pascuis,
1106 886 1290 917 attamen
1319 890 1415 917 cura
1442 876 1548 919 inter
1564 877 1712 923 Russos

209 929 341 980 sueta,
370 933 469 973 dum
488 931 649 989 hyeme
670 930 740 973 sub
761 930 877 974 tecto
894 931 1151 980 continetur,
1182 931 1323 974 calidis
1342 946 1522 980 curatur,
1560 949 1712 993 aquam

209 988 305 1030 loco
325 990 431 1032 nivis
448 1004 524 1046 pro
538 1001 641 1047 potu
661 989 809 1045 accipit
828 988 872 1030 ἅτ
897 1002 920 1030 a
944 986 1022 1030 sale
1056 1001 1237 1037 arcetur,
1275 990 1505 1032 admodum
1535 993 1710 1050 pingue-

211 1045 310 1088 dine
330 1047 484 1095 minui,
511 1046 853 1089 valetudinarium
870 1043 978 1094 fieri,
1017 1047 1288 1104 maximeque
1316 1049 1529 1106 uropygio
1553 1048 1710 1093 decres-

206 1118 302 1144 cere
327 1104 451 1155 (vid.
480 1105 602 1145 TAB.
624 1103 777 1158 IVfig.
802 1108 885 1153 9.),
918 1103 1032 1161 quod
1051 1110 1220 1146 tandem
1240 1118 1280 1145 m
1301 1105 1451 1161 prolea
1471 1104 1617 1147 talibus
1634 1122 1707 1165 ge-

204 1172 349 1202 nerata
374 1162 452 1202 vix
478 1161 608 1219 pugni
633 1160 966 1217 magnitudinem
996 1158 1147 1208 servat,
1184 1162 1337 1202 mutica
1371 1174 1511 1204 tamen
1546 1161 1708 1221 semper

206 1229 404 1259 manente
422 1218 569 1266 cauda,
600 1231 738 1275 neque
756 1230 877 1259 extra
898 1218 1198 1275 pinguedinem
1218 1218 1485 1261 excrescente
1498 1250 1508 1268 ,
1537 1219 1610 1264 nifi
1627 1220 1707 1264 rus-

204 1272 308 1316 ficae
328 1274 457 1331 stirpis
474 1275 633 1317 caudati
655 1275 818 1317 Arietes
838 1275 1105 1331 imponantur
1123 1274 1330 1317 matribus.

320 1333 517 1390 Sequitur
540 1347 599 1374 ex
627 1332 706 1375 istis
735 1332 925 1373 deforme
949 1330 1053 1375 istud
1084 1333 1280 1386 pulvinar
1314 1330 1399 1375 slve
1433 1348 1538 1392 urop
1574 1336 1705 1393 gium,

204 1389 319 1447 quod
336 1390 376 1430 in
397 1393 533 1431 locum
550 1389 703 1431 caudae
722 1389 830 1446 apud
847 1388 953 1431 hanc
969 1390 1213 1432 varietatem
1236 1389 1398 1433 Ovium
1416 1390 1544 1434 l'uccel
1559 1392 1605 1441 it,
1617 1409 1702 1436 ma-

202 1447 669 1505 ximequeconstantem
695 1450 780 1499 ejus
798 1445 1083 1489 charaRerem
1102 1446 1290 1503 praebet,
1328 1446 1552 1506 superfluae
1575 1466 1702 1508 gene-

204 1505 353 1545 rationi
376 1505 641 1562 pinguedinis
671 1517 810 1546 ortum
834 1502 1009 1552 debere,
1045 1517 1169 1564 atque
1196 1505 1237 1545 in
1263 1507 1420 1562 campis
1451 1504 1702 1565 salsuginosis

201 1560 401 1603 Tatariae
417 1562 746 1604 occidentalioris
763 1562 939 1619 primam
957 1563 1131 1618 patriam
1148 1561 1340 1603 habuisse.
1402 1562 1448 1604 In
1467 1578 1624 1620 genere
1641 1566 1701 1607 vi-

202 1618 350 1660 demus
375 1632 504 1661 certas
529 1621 714 1678 corporis
740 1629 897 1676 partes,
931 1619 1017 1660 illas
1044 1631 1147 1675 puto
1177 1619 1434 1675 praesertim,
1480 1623 1521 1661 in
1552 1621 1701 1680 quibus

201 1675 352 1718 lentior
373 1676 577 1735 sanguinis
595 1676 766 1719 circulus
783 1675 964 1724 obtinet,
996 1676 1227 1718 colletiioni
1248 1677 1513 1733 pinguedinis
1541 1679 1582 1719 in
1607 1692 1700 1722 tex-

201 1745 245 1775 tu
262 1733 451 1776 celluloso
479 1749 665 1777 max-«me
691 1734 841 1776 favere.
900 1734 1015 1775 Hinc
1041 1735 1146 1775 circa
1174 1748 1296 1776 renes
1320 1724 1366 1776 ἂν
1392 1735 1433 1775 in
1451 1734 1698 1779 mesenterio

199 1793 351 1847 pariter
373 1806 420 1833 ac
444 1791 638 1835 Omento
670 1792 944 1849 plurimorum
970 1791 1229 1838 animalium,
1266 1791 1362 1833 ideo
1415 1792 1500 1834 uod
1524 1795 1697 1837 arteriae

198 1848 345 1890 harum
363 1851 540 1906 partium
556 1849 801 1907 restangulo
821 1848 1061 1906 sanguinem
1077 1848 1279 1906 dirigunt,
1309 1806 1567 1908 arcsibusque
1585 1867 1700 1894 com-

201 1906 501 1949 municantibus
528 1909 733 1966 impetum
756 1904 961 1964 sanguinis
984 1907 1198 1953 minuunt,
1215 1907 1433 1963 praecipua
1453 1908 1587 1950 moles
1612 1909 1698 1951 adi-

200 1963 264 2020 pis
286 1977 563 2006 coacervatur.
622 1964 778 2008 Sffiiilis
805 1965 862 2006 est
884 1964 1007 2012 ratio,
1047 1977 1153 2021 quae
1180 1964 1285 2005 circa
1310 1964 1462 2005 collum
1489 1964 1533 2007 a&
1551 1967 1697 2009 axillas

199 2021 437 2063 animalium
458 2023 757 2080 pinguedinem
783 2022 1032 2069 accumulat,
1069 2020 1114 2063 &r
1141 2022 1181 2062 in
1204 2020 1430 2079 pinguibus
1450 2022 1695 2066 animalibus

199 2079 307 2120 circa
333 2078 473 2121 clunes
497 2079 540 2121 (Sc
566 2079 792 2136 posteriora
823 2080 1001 2137 tergoris
1039 2075 1200 2120 craffior
1230 2077 1393 2136 semper
1427 2079 1565 2137 colligi
1593 2080 1694 2123 solet

199 2136 339 2194 adeps.
399 2135 642 2178 Praesertim
663 2152 769 2179 vero
796 2138 838 2179 in
858 2136 988 2179 ovillo
1017 2151 1171 2193 pecore
1200 2136 1394 2178 naturalis
1420 2135 1583 2179 obtinet
1602 2149 1690 2180 ten-

200 2194 340 2238 dentia
359 2192 544 2253 adipol'as
561 2194 777 2252 particulas
796 2196 838 2236 in
855 2194 1081 2294 polsteriora
1105 2194 1212 2236 circa
1233 2208 1355 2237 renes
1385 2205 1510 2253 atque
1535 2207 1692 2260 uropy-

953 2266 977 2294 2
1575 2266 1693 2308 glum
