2032 2732
657 233 837 290 Qoss*
959 234 1163 285 (82)
1282 231 1455 289 Q&

362 332 567 377 Distantia
583 332 690 379 inter
705 329 926 372 oculorum
945 325 1120 373 canthos
1137 342 1211 386 per
1229 330 1330 372 axin
1374 354 1432 359 —
1532 321 1600 369 *0'¹.
1641 327 1707 378 4⁷¹.
1735 330 1811 371 0¹¹¹.

364 389 715 437 Circumferentia
731 386 848 430 rostri
866 386 1011 430 medio
1025 388 1131 430 inter
1148 401 1266 430 aures
1286 388 1330 431 &
1347 385 1506 435 oculos,

540 447 612 492 ubi
632 446 823 490 maxima
1082 470 1137 477 -——
1372 468 1430 476 .—

423 533 482 540 -
600 505 744 564 capitis
770 516 868 547 ante
890 517 1047 547 cornua
1085 529 1142 535 -ε-
1376 527 1433 534 -

367 566 572 611 Distantia
588 578 792 607 cornuum
813 562 867 606 ab
884 562 1015 605 oculis
1088 587 1143 593 -
1376 585 1434 593 --

365 624 616 683 Longitudo
638 623 799 665 aurium
1089 644 1146 650 —
1380 644 1436 650 --

368 682 567 728 Latitudo
585 680 744 724 summa
762 678 997 722 eorundem
1094 701 1151 708 ——
1382 701 1439 709 —

369 740 723 787 circumferentia
739 737 900 780 aurium
915 734 998 778 bafi
1093 761 1149 766 —-
1382 759 1439 766 -

372 800 594 845 cornuum
611 794 835 854 longitudo
852 792 1078 835 secundum
1095 807 1267 837 curvam
1383 816 1442 824 -—

431 881 488 891 ———
604 851 937 897 circumferentia
952 848 1036 893 bass
1094 874 1151 880 —
1384 874 1442 881 —

369 968 371 971 .
431 939 489 946 -—
607 910 793 954 distantia
810 910 851 950 in
871 907 1011 950 fronte
1092 932 1149 938 -—
1384 930 1442 939 —-

375 969 725 1018 circumferentia
740 966 836 1009 colli
854 967 906 1009 ad
918 965 1119 1008 humeros
1383 989 1441 996 --

607 1054 664 1059 -—
782 1049 838 1055 —-
955 1023 1008 1065 ad
1024 1034 1147 1081 caput
1384 1047 1441 1054 —-

608 1084 742 1129 trunci
757 1083 811 1126 ad
832 1081 965 1139 pedes
982 1084 1142 1124 anticos
1386 1105 1444 1113 —

609 1169 667 1175 --
785 1141 827 1182 in
845 1138 986 1181 medio
1002 1139 1193 1182 maxima
1386 1163 1445 1169 -—

610 1227 667 1234 --
785 1196 837 1240 ad
854 1197 1017 1240 femora
1099 1222 1157 1227 -—
1389 1220 1447 1226 -—-

610 1256 838 1318 pulvinaris
855 1255 908 1298 ad
922 1253 1035 1297 basm
1100 1279 1159 1284 —
1391 1277 1448 1283 —-

1734 458 1785 1363 φρφρφῳρφρθβῲτρρῌ

433 1055 496 1351 {llll}

611 1342 669 1348 —
786 1314 974 1355 maxima
1102 1336 1161 1342 --
1656 1318 1691 1353 8.

382 1375 633 1434 Longitudo
652 1372 818 1415 humeri
1102 1393 1158 1398 —-
1654 1380 1693 1416 7.
1747 1382 1785 1410 2.

443 1460 501 1465 -—
617 1427 862 1475 antibraehii
1102 1449 1159 1456 --
1655 1437 1691 1475 9.
1747 1432 1785 1475 8.

443 1518 499 1523 —-
617 1487 796 1548 gambae
811 1488 853 1528 in
872 1484 1016 1527 anticis
1102 1509 1160 1516 —
1654 1494 1693 1531 5.
1747 1488 1786 1525 6.

446 1575 503 1580 —
619 1547 672 1590 ab
687 1544 858 1588 articulo
876 1541 1051 1602 gambae
1070 1541 1122 1584 ad
1139 1541 1359 1601 vestigium
1657 1555 1696 1593 9.
1747 1544 1787 1582 6.

447 1633 506 1639 —
620 1604 875 1664 phalangum
892 1600 977 1644 fine
996 1600 1152 1659 ungula
1659 1612 1696 1640 2.
1751 1614 1788 1642 2,

390 1664 580 1710 Altitudo
594 1663 773 1722 ungulae
791 1661 927 1703 antice
1106 1682 1164 1691 -——
1663 1670 1677 1697 1
1687 1687 1697 1696 .
1750 1670 1790 1706 5.

392 1721 742 1769 circumferentia
759 1716 939 1777 gambae
1106 1740 1163 1746 --
1662 1727 1697 1765 3.
1751 1730 1790 1767 4.

448 1807 506 1814 =-—-
623 1778 873 1837 ungularum
896 1771 980 1819 bafi
1110 1798 1168 1805 —
1659 1775 1698 1812 6.
1754 1786 1792 1824 9.

392 1839 491 1882 Lon
499 1838 648 1897 gitudo
670 1835 844 1879 femoris
1111 1854 1170 1863 --
1661 1843 1698 1879 9.
1753 1843 1792 1871 0.

452 1922 508 1928 -—
623 1892 748 1936 tibiae
822 1916 880 1922 —
1111 1911 1170 1920 ·—
1639 1900 1699 1928 ιο.
1753 1891 1792 1929 6.

457 1979 511 1984 ω
629 1949 808 2008 gambae
826 1946 1007 2005 posticae
1110 1970 1168 1975 -
1399 1968 1456 1975 -
1665 1953 1699 1991 8.
1732 1959 1794 1986 10.

456 2035 510 2041 =-
628 2007 681 2051 ab
697 2007 867 2049 articulo
883 2003 1140 2061 phalangum
1157 2003 1210 2046 ad
1227 2002 1389 2062 apicem
1405 2015 1537 2059 ungu-

561 2067 706 2108 'larum
825 2089 882 2093 —-
1114 2086 1172 2093 —-
1403 2084 1460 2090 -
1578 2073 1620 2104 0.
1669 2074 1709 2114 4.
1755 2073 1792 2102 ρ,

402 2123 596 2170 Altitudo
617 2122 869 2180 ungularum
890 2119 990 2178 post,
1011 2119 1147 2162 antice
1406 2142 1463 2148 —
1581 2132 1622 2160 0.
1676 2134 1709 2160 ι.
1758 2121 1792 2158 6.

403 2181 747 2226 asslircumferentia
763 2176 941 2237 gambae
957 2177 1138 2235 posticae
1409 2200 1465 2208 --
1581 2190 1605 2215 0
1666 2189 1691 2226 4
1758 2189 1785 2216 0
